2782 4724
686 326 722 392 17

602 415 802 429 *uu-

142 540 230 609 tium
249 559 360 625 neque
386 537 483 624 plane
509 534 734 621 praeteritam,
766 554 873 620 neque
893 554 982 596 mere
1003 532 1159 617 futuram,
1183 531 1252 598 scd

147 662 357 745 praesentem
372 652 531 739 simulque
553 651 687 738 posthac
707 649 858 714 futuram.
903 647 994 713 Talis
1015 656 1123 713 autem
1145 648 1250 736 gratia
1290 696 1293 700 -

112 783 114 785 ’
151 772 314 862 praesenti
336 780 482 858 tempore
504 769 621 834 efficax
640 804 681 816 -
702 767 765 832 nisi
786 766 952 832 notionem
971 765 1069 852 plane
1090 774 1251 832 mortuam

152 899 186 955 et
215 887 305 954 omni
338 886 406 950 vita
436 894 599 950 carentem
628 906 698 948 eam
724 882 896 969 designare
921 883 1136 966 arbitremur,
1166 883 1250 948 sieut

116 1065 122 1072 .
149 1005 328 1094 praeterito
350 1013 499 1093 tompore
520 1002 596 1068 data
618 1010 682 1086 est,
704 1002 750 1066 ita
770 1001 922 1066 continuo
935 1001 1040 1066 datur
1061 1009 1094 1065 et
1115 999 1150 1064 in
1169 1000 1254 1066 futu·

150 1144 224 1189 rum
261 1119 529 1187 manifestabitur.
590 1119 644 1184 Ab
684 1118 772 1182 omni
811 1127 926 1205 parte·
943 1107 1040 1184 enim·
1072 1116 1254 1206 adstipulor
1287 1121 1296 1131 '

150 1238 329 1307 weissio
358 1235 526 1321 arcanea)
561 1216 778 1324 datumve„
798 1223 824 1298 ²1.
847 1233 1011 1320 rotano„
1039 1243 1077 1300 uc
1104 1234 1251 1323 pluribus

151 1355 225 1423 aliia
247 1355 340 1438 locis,
362 1355 409 1421 ita
429 1362 541 1420 nostro
563 1353 737 1441 praecipue
759 1375 857 1418 versu
877 1362 1084 1440 praesentem
1106 1348 1252 1419 Salvato-

151 1473 197 1538 ria
229 1472 524 1537 manifestationem
554 1470 656 1536 verbo
692 1469 854 1556 evangelii
880 1470 1029 1535 allectam
1052 1469 1253 1557 significare,

151 1615 213 1656 oon
243 1589 282 1654 de
304 1589 414 1655 futura
433 1597 560 1655 tantum
581 1610 617 1654 re
639 1588 799 1676 usurpari.
841 1588 912 1654 Iam
934 1588 960 1653 si
982 1587 1138 1674 revelatio
1161 1586 1251 1655 Chri-

151 1707 194 1772 sti
217 1714 266 1770 est
287 1714 376 1771 actus
401 1705 531 1793 quidam
554 1705 727 1771 continuus
756 1713 788 1771 et
808 1704 953 1788 durans,
992 1704 1079 1772 idem
1099 1715 1190 1794 patet
1211 1704 1251 1772 de

151 1822 260 1909 gratia
280 1822 532 1910 praedicandum
554 1844 634 1907 esso,
657 1844 741 1910 quae
762 1822 868 1888 fertur
886 1823 921 1887 in
942 1822 1004 1888 hac
1017 1821 1140 1890 Christi
1161 1845 1251 1889 reve-

152 1941 283 2006 latione.
314 1937 426 2019 Quare
440 1940 538 2005 etiam
553 1940 609 2028 qui
625 1962 716 2027 spem
730 1963 821 2006 suam
843 1924 1033 2006 collocat*m
1053 1940 1112 2006 hac
1134 1941 1250 2028 gratia,
1333 1945 1337 1948 ⁴

154 2058 249 2123 simul
268 2058 371 2123 fretus
393 2068 442 2122 est
463 2057 583 2144 gratia,
606 2080 703 2145 quam
724 2057 788 2123 iam
811 2062 965 2145 expertus
987 2067 1045 2136 est,
1067 2067 1100 2124 et
1120 2058 1250 2124 assidue

152 2197 188 2239 ee
215 2197 258 2255 ex
286 2174 448 2241 uberrimo
469 2174 759 2263 eiusdempgratiae
780 2175 870 2240 fonte
891 2197 977 2240 nova
997 2174 1155 2242 beneficia
1176 2197 1249 2241 oon·

151 2302 339 2358 secuturum
361 2312 440 2367 esse·
452 2302 576 2380 sperat,
608 2315 745 2380 quorum
761 2284 1005 2374 ‘ultimumerit
1025 2264 1185 2374 ddsumtio
1207 2293 1249 2358 ad

151 2409 388 2496 plenissimam„
412 2432 450 2475 ac
481 2419 672 2498 perpetuam
706 2411 801 2477 huius
838 2411 964 2499 gratiae
1001 2411 1248 2500 possessionem,

150 2504 235 2613 quae
260 2526 317 2592 fiet
345 2526 380 2590 in
408 2518 703 2614 perusia-Domini.
747 2527 854 2608 Quam
877 2529 1039 2616 duplicem
1059 2528 1155 2595 huius
1174 2552 1249 2595 con·

151 2620 337 2710 structionis
351 2641 501 2723 ἐλπίζειν
514 2642 573 2710 ἐπὶ
586 2639 688 2734 χάριν
700 2645 865 2711 notionem
879 2667 986 2734 neque
1008 2667 1081 2711 cum
1102 2646 1248 2712 Brack-

125 2818 129 2826 .
151 2781 249 2825 nero
265 2761 293 2846 ²)
326 2760 588 2827 commixtionem
614 2784 724 2827 rerum
744 2762 880 2828 duarum
901 2762 987 2828 inter
1008 2784 1042 2828 se
1065 2762 1250 2852 discrepan-

150 2876 245 2942 tium-
261 2875 413 2961 dixerim,
444 2899 552 2965 neque
577 2901 651 2943 cum
681 2879 862 2946 Wei'fsio
884 2880 1007 2971 opinor
1033 2882 1185 2947 tenebras
1214 2891 1247 2947 et

150 2994 379 3060 obscuritatem
407 2995 527 3062 adferri
555 2996 681 3078 sensui,
721 2997 748 3062 si
774 2997 835 3062 hoc
860 2997 956 3063 modo
983 2996 1245 3086 interpretamur.

140 3109 237 3180 Nam
258 3134 330 3177 eam
349 3121 475 3179 tantum
498 3114 539 3179 ob
552 3134 700 3179 causam·
714 3137 788 3203 spes
810 3113 864 3180 illa
885 3115 984 3180 simul-
1001 3138 1071 3200 rem
1092 3119 1249 3203 praeteri*

149 3222 215 3294 tam
243 3238 280 3297 et.
304 3218 446 3296 futuram
467 3231 612 3319 respicit,
643 3231 730 3320 quod
755 3227 884 3320 gratia.
916 3227 989 3322 quir»
1008 3233 1185 3304 nititur-et
1199 3235 1251 3299 in:

150 3367 215 3433 qua
235 3345 394 3428 versatur.
415 3358 588 3437 utrumque
609 3359 737 3438 tempus
758 3351 992 3438 complectitur,
1016 3351 1139 3439 quippe
1162 3374 1249 3439 quac
1294 3364 1298 3370 ’

150 3468 327 3549 personam
348 3466 696 3554 sperantemundique
717 3467 894 3533 circumdat
916 3468 1008 3555 quasi
1030 3448 1181 3556 sphaera,
1212 3470 1249 3534 in

150 3602 215 3667 qua
239 3589 309 3648 tota
333 3592 482 3649 versatur
509 3593 542 3659 et
571 3593 629 3649 est.
649 3616 699 3633 >-
726 3584 851 3650 Eadem
868 3585 1020 3650 notionis
1049 3572 1245 3673 ambiguitas

148 3697 310 3764 interdum
332 3699 429 3765 etiam
450 3679 591 3788 olrtingit
611 3710 742 3769 nostrae
762 3700 917 3768 locutioni
932 3726 940 3768 ε
954 3702 1020 3790 auf
1026 3716 1118 3769 etwas
1132 3701 1244 3790 doffea

221 4082 241 4148 l)
257 4080 274 4132 l.
293 4098 315 4137 c.
332 4079 452 4150 pnpssl,
470 4091 522 4136 rot
542 4083 564 4134 l·
640 4136 642 4140 ,

219 4199 240 4266 ¹)
258 4192 424 4255 commentar.
448 4201 522 4252 adh.
541 4199 692 4269 l.(llxeget.
715 4201 820 4254 lidbach
846 4215 903 4254 zum
920 4201 950 4253 lic
969 4201 995 4254 Τ.
1010 4218 1038 4253 .v.
1065 4202 1111 4254 De
1137 4202 1254 4264 Wotteo

147 4291 208 4346 edit
226 4291 282 4361 ult)
1131 4346 1135 4356 .
1248 4315 1252 4323 “

1029 4385 1048 4443 2
1127 4384 1133 4395 ,
