2782 4724
658 336 702 399 30

143 540 290 630 titudinis
311 537 515 607 collationem
535 540 717 606 firmissime
747 541 917 616 adserens;
951 539 1044 610 etin
1073 539 1139 604 fine
1170 538 1243 603 sive

144 657 269 725 obiecto
292 657 465 744 principali
487 657 648 745 sperandi,
669 678 742 723 cum
764 655 831 723 dux
851 654 906 720 ille
928 656 962 720 et
983 655 1126 719 salvator
1139 653 1243 720 tideli-

144 775 204 839 bus
235 773 386 840 Iudaicae
413 773 609 861 reipublicae
634 774 767 839 ,civibus
799 771 977 861 promissus
998 793 1063 847 non
1083 771 1126 842 sit
1146 771 1242 853 alius,

20 931 24 939 ‹
143 910 242 977 quam
262 890 423 956 Dominus
450 898 561 955 noster
580 891 680 958 Jesus
702 889 867 973 Christus,
899 887 996 953 cuiue*
1016 888 1173 953 reditum
1187 911 1243 953 ex*

144 1007 226 1095 petit
256 1007 455 1094 exspectatio
485 1017 596 1072 nostra
623 1016 789 1095 tamquam
819 1006 968 1072 ultimum
1000 1004 1096 1070 huius
1133 1004 1240 1071 secuti

77 1131 81 1146 ‘
144 1124 266 1189 exitum
288 1112 613 1211 vitaequeaetemaq
631 1124 836 1212 principium.
879 1113 1065 1209 Χριστός
1085 1114 1103 1186 ὁ
1122 1117 1243 1206 ἐρχό-

143 1261 289 1321 μενοςΙ
311 1241 450 1326 (Hebae.
472 1246 501 1323 2,
517 1246 556 1325 33
578 1240 681 1306 Hebr.
707 1245 753 1324 10,
768 1242 825 1324 3⁷3
846 1239 961 1307 Matth.
987 1245 1085 1322 11,3;
1102 1238 1187 1318 Luc.
1213 1241 1242 1322 7,

147 1362 194 1436 19.
218 1363 277 1436 2ος»
292 1356 397 1444 Apoo.
422 1362 493 1438 1,,4.
517 1361 555 1439 8;
578 1361 626 1439 ll,
645 1355 697 1441 17)
722 1356 885 1444 utrimque
912 1366 961 1421 est
982 1364 1080 1442 caput
1100 1363 1134 1420 et
1153 1354 1243 1441 prin-

45 1456 89 1510 Ὗ·
144 1474 265 1560 cipium
284 1472 427 1539 omnium
448 1473 745 1559 exspectationum
767 1474 827 1540 sub
836 1473 878 1538 V.
900 1482 1007 1538 tamen
1030 1472 1242 1537 Testamenta

85 1599 87 1603 ’
143 1599 270 1657 tantum
291 1598 341 1654 est
373 1582 412 1672 ,o‘
432 1580 661 1677 εἰσερχόμενος
682 1586 731 1665 εἰς
751 1586 809 1655 τόν
828 1577 967 1670 stirpest
992 1588 1108 1673 (Hebr.
1133 1593 1181 1671 10,
1204 1592 1242 1671 53

143 1707 201 1771 etr.
227 1705 328 1789 1,.o);
361 1704 396 1769 in
428 1704 524 1772 Novo
554 1715 661 1771 sutem
691 1701 731 1790 ,ri
763 1693 892 1770 πόλιν
919 1695 1154 1791 ἐρχόμενος
1184 1705 1243 1771 καλ

45 1890 46 1895 ,
143 1813 424 1911 παραληψόμενος
444 1815 529 1907 ἡμᾶς
551 1816 640 1908 πρός
662 1809 778 1886 scats
799 1820 838 1904 (J
840 1821 890 1887 oh.
913 1823 1013 1905 3,1.4)
1034 1821 1088 1887 vel
1109 1813 1147 1906 ᾖ0
1168 1813 1241 1897 υἱός

143 1940 214 2012 τοῦ.
241 1926 424 2026 α’νθραλπον
458 1928 637 2027 ἐρχόμενος
664 1935 723 2004 ἐπὶ
750 1939 814 2004 τῶν
840 1937 985 2024 νεφελῶν
1011 1937 1074 2003 νοῦ
1099 1929 1243 2026 οὐρανοῦ

142 2051 227 2139 peso?
265 2046 435 2139 δυνάμεως
467 2055 523 2122 καὶ
557 2051 660 2143 δόξης
696 2054 819 2141 πολλῆς
856 2054 992 2140 (Metth.
1012 2060 1065 2120 24.
1087 2060 1148 2138 3⁰3
1180 2057 1240 2122 cfr.
1271 2104 1288 2131 .

142 2175 228 2241 Dan.
251 2177 279 2241 7.
304 2175 368 2261 13).

224 2292 295 2358 Iam
327 2316 400 2358 oum
428 2289 610 2377 disquisitio
639 2297 750 2355 nostra
780 2290 880 2354 solam
902 2288 1099 2376 theologiam
1120 2289 1163 2354 N.
1187 2289 1241 2355 Ti.

145 2417 284 2495 spectet,
312 2430 377 2473 non
405 2416 455 2473 est
481 2429 538 2471 cur
558 2406 590 2471 h.
612 2406 633 2471 l.
656 2406 759 2471 fusius
787 2406 827 2472 de
848 2405 920 2493 ipsa
938 2404 1048 2471 indole
1070 2417 1103 2471 et
1124 2416 1244 2473 natura

144 2524 214 2612 spei
234 2524 354 2589 veteris
375 2522 515 2588 foederis
535 2522 730 2588 disseramus
741 2571 750 2604 ,
772 2522 963 2610 praesertim
985 2546 1084 2611 quum
1104 2524 1161 2588 vix
1181 2494 1244 2590 taii

144 2640 234 2727 operi
248 2640 397 2720 sufficere
409 2662 587 2727 possemus,
608 2640 672 2705 nisi
693 2640 844 2707 univcr'so
866 2642 982 2707 itinere
1003 2664 1041 2706 ac
1061 2664 1240 2728 progressu

143 2761 251 2821 rerum
280 2756 539 2838 israeliticarum,
568 2756 652 2842 inpr.
674 2756 722 2821 rei
742 2758 951 2845 propheticae
973 2757 1147 2845 diligenter
1167 2782 1241 2846 per·
1278 2743 1283 2751 ’

74 2905 78 2914 ’
141 2873 277 2941 lustrato
303 2873 339 2958 ¹).
397 2871 545 2940 Sufficiat
570 2872 672 2960 igitur
702 2872 857 2940 hocloco
894 2898 949 2941 eos
979 2875 1083 2941 solum
1112 2877 1155 2942 N.
1186 2876 1240 2942 Ti.

142 2990 231 3056 locos
252 2990 486 3077 percensuisse,
507 2990 542 3056 in
563 2990 681 3079 quibus
704 2993 824 3057 mentio
845 2992 883 3057 fit
903 2992 998 3057 huius
1020 2992 1090 3078 spei
1111 2993 1241 3080 piorum
1279 3027 1282 3032 ·

143 3105 184 3179 V.
207 3105 259 3174 Ti.
280 3106 450 3194 propriae,
483 3129 521 3172 eo
542 3107 689 3194 inprimis
711 3108 860 3190 consilio,
894 3118 930 3174 ut
950 3120 1076 3195 pateat,
1109 3110 1241 3198 quidsi

141 3246 310 3300 commune
340 3224 382 3293 sit
412 3247 486 3290 cum
518 3247 576 3313 spe
597 3225 640 3291 N.
664 3225 715 3291 Ti.
743 3226 903 3293 strictiore
934 3237 967 3294 et
987 3229 1120 3317 proprio
1142 3253 1240 3296 sensu

141 3342 187 3409 ita
212 3341 299 3407 dicta
327 3349 359 3406 et
386 3363 450 3428 qua
478 3341 603 3407 ratione
632 3340 712 3406 haec
734 3341 993 3413 Christianorum
1014 3370 1089 3434 spes
1111 3347 1241 3414 differet

141 3456 183 3523 ab
203 3457 261 3523 illa
281 3460 481 3546 atque‘eam
494 3467 668 3545 exsuperet
683 3458 723 3544 ²).

223 3572 424 3662 Principium
445 3583 478 3639 et
498 3574 742 3643 fundamentum
764 3578 834 3665 spei
855 3578 897 3643 V.
910 3578 961 3645 Ti.
985 3588 1059 3646 sunt
1080 3582 1240 3668 promisse

141 3686 366 3776 (ἐπαγγελίαι)
385 3690 587 3774 Abrahamo,
615 3693 701 3779 patri
721 3692 958 3781 Israeliterum,
991 3697 1103 3764 aDeo
1132 3701 1209 3767 data
1230 3726 1238 3768 :

166 3870 169 3875 ⁵
213 3887 232 3956 ¹)
248 3888 288 3941 De
307 3886 416 3958 lemeis,
447 3898 523 3957 gente
548 3891 718 3958 promissionis
745 3901 771 3945 et
799 3895 870 3961 spei,
902 3895 948 3946 cfr.
975 3912 1041 3967 quae
1070 3909 1239 3966 exposuerunt

114 3978 115 3981 ‘
142 3980 241 4035 norm.
266 3966 396 4067 μείονες.
425 3982 474 4033 une
499 3981 604 4051 strong.
623 3980 729 4061 apag.
747 3983 876 4052 sr-ru
910 3987 1081 4043 senensem.
1105 3988 1239 4056 111‚292;

141 4071 329 4137 Detinetis,
359 4073 419 4127 bibl.
439 4073 617 4144 Psychologie,
640 4094 665 4145 p.
684 4075 741 4133 109.
758 4077 823 4145 110;
844 4079 969 4148 Umbreit,
994 4083 1036 4138 die
1053 4083 1138 4137 Stude
1155 4087 1188 4137 im
1205 4078 1240 4139 ΑῙ

141 4165 210 4225 fest.
227 4186 251 4236 ρ.
272 4167 329 4222 103.
348 4167 407 4222 101.

154 4346 156 4350 ,
211 4287 232 4353 ¹)
251 4285 304 4340 cfr.
322 4287 406 4342 usit
412 4305 443 4353 a,
460 4289 477 4343 t
495 4306 517 4342 c·
534 4305 593 4360 psg.
613 4289 656 4344 30.
673 4290 725 4357 ³43
741 4311 801 4365 pag.
821 4295 864 4358 50,
882 4307 918 4350 ιε.
937 4295 962 4351 1.
1033 4340 1036 4367 :
