2782 4724
651 344 849 461 Aa...

198 562 298 653 igitur
318 564 623 653 proprie'pens‘tiouo
643 566 780 631 auctore
801 589 825 631 s.
842 565 987 652 originis.
1031 563 1130 632 Idem¹
1142 565 1231 632 valet
1252 565 1295 633 de

197 675 398 768 locutiones}
417 678 516 757 ἐλπίς
534 681 592 770 τῆς
612 669 753 766 κλήσεως
773 681 858 769 Eph.
883 687 909 765 l,
929 688 980 760 183
1004 689 1078 766 4,.4.
1155 694 1157 698 ’
1182 721 1184 725 ν

208 807 213 813 ’
265 799 334 895 ,Ad
355 800 438 865 hanc
459 799 734 865 constructionem
755 800 986 865 vocabulorum
1007 797 1136 881 ἐλπίζω
1153 811 1186 866 et
1201 797 1301 875 ἐλπίς

197 937 270 982 curn
292 915 418 982 obiecto
439 915 487 980 rei
509 924 656 1001 speratae
671 916 826 1002 proxime
852 918 880 981 is
908 918 1032 983 accedit
1058 942 1152 1001 usus,
1186 939 1298 984 secun-

197 1033 275 1100 dum
296 1056 393 1122 quern
415 1032 673 1097 coniunctionem
693 1023 747 1123 (iac
767 1043 842 1119 post
864 1056 898 1099 se
921 1034 1053 1104 habent·
1096 1035 1148 1100 Ita
1168 1030 1298 1114 ἐλπίζω

196 1141 250 1216 ὅτι
286 1159 441 1239 sequente
472 1157 618 1237 tempore
654 1149 762 1214 futuro
800 1149 881 1218 Luc.
906 1158 955 1234 24,
975 1157 1031 1228 213
1068 1153 1142 1217 Act.
1165 1158 1214 1233 24,
1237 1157 1297 1234 263

195 1267 234 1333 Π
255 1265 383 1348 Oen-sl,
401 1274 448 1332 10.
474 1250 527 1349 133
552 1272 599 1350 13,
615 1271 649 1343 6;
680 1275 713 1330 et
733 1288 851 1331 nomen
872 1263 970 1344 ἐλπίς
992 1268 1198 1334 coniunctum
1221 1291 1296 1334 cum

197 1374 274 1448 iius:
296 1383 378 1449 Phil.
398 1388 480 1466 1,20
502 1407 509 1448 :
532 1378 616 1446 κατα
636 1373 690 1467 κήκ
713 1371 989 1470 ἀποκαραδοκίαν
1010 1382 1066 1450 καὶ
1088 1381 1210 1450 ἐλπίδα
1230 1406 1297 1464 μου

197 1490 247 1565 δτι
278 1497 312 1565 ἐν
338 1495 446 1565 οὐδενί
480 1496 823 1588 καταισχυνθήσαμαι,
864 1501 920 1567 ubi
946 1498 1058 1566 Estius
1092 1511 1125 1566 et
1157 1501 1296 1567 Mathies

197 1619 279 1684 falso
307 1618 580 1706 interpunxerunt
607 1628 681 1706 post
707 1615 832 1683 ἐλπίδα
851 1640 929 1701 μου,
957 1641 1075 1684 novam
1104 1619 1297 1684 sententiam

198 1735 273 1801 inde
294 1736 439 1822 incipere
459 1744 627 1822 putantes,
653 1737 707 1802 vel
728 1737 889 1803 causalem
912 1735 1000 1821 (quio
1011 1785 1020 1817 ,
1053 1736 1100 1800 sic
1125 1733 1212 1819 Est.)
1241 1737 1296 1800 vel

200 1853 428 1939 explicativam
457 1851 558 1937 (nom,
588 1852 635 1916 sic
656 1851 798 1934 Maon).
843 1849 909 1918 Sed
937 1841 988 1916 ὅτι
1014 1851 1167 1919 hocloco
1189 1853 1297 1918 imme·

199 1969 285 2034 dicte
313 1969 433 2057 pendet
454 1970 661 2036 e‘v'ooabulis
683 1959 938 2054 οἷποκαραδοκία
958 1978 990 2035 et
1011 1965 1123 2052 ἐλπίς,
1158 1992 1296 2058 quorum

199 2086 359 2152 obiectum
394 2087 569 2153 introducit
603 2087 643 2153 ad
677 2088 858 2153 accuratius
888 2111 927 2153 ea
958 2086 1155 2171 definienda3
1195 2110 1296 2175 quare

198 2205 302 2272 oratio
335 2204 480 2292 obliqua·
500 2204 646 2270 extendit
680 2227 715 2269 se
747 2226 851 2291 usque
879 2204 1042 2270 adfinem
1068 2182 1183 2270 versus
1211 2205 1296 2270 vice

199 2321 317 2408 simil).
339 2322 472 2410 -[Iam
492 2343 535 2385 ex
555 2321 617 2386 hoc
636 2322 777 2387 maxime
799 2323 871 2398 loco
894 2321 1133 2399 diiudicandum
1154 2331 1233 2408 puto
1257 2322 1296 2388 de

81 2470 84 2475 ·
199 2438 295 2504 simili
325 2437 396 2503 loco
423 2437 515 2503 Rom.
536 2443 564 2521 8,
588 2444 638 2504 20.
661 2444 696 2504 21
728 2463 736 2504 ε
762 2433 818 2504 ἐπ’
853 2434 969 2512 ἐλπίδι
1005 2428 1057 2503 ὅτι
1085 2437 1139 2505 καί
1167 2431 1250 2525 nias}
1278 2432 1298 2526 ἡ

196 2549 302 2629 κτίσις
316 2541 627 2642 ἐλευθερωδῆσεται
642 2554 726 2632 κτλ.;
747 2556 782 2620 in
804 2577 867 2644 quo
892 2556 1086 2643 explicando
1102 2557 1206 2622 adhuc
1221 2580 1295 2621 con·
1352 2547 1355 2552 ’

197 2670 357 2738 troversia
378 2670 546 2737 fuit'inter
566 2671 653 2738 viros
676 2672 805 2754 doctos,
840 2683 949 2739 utrum
970 2662 1162 2741 sententiam
1184 2674 1224 2738 ab
1247 2661 1297 2738 ln

197 2788 405 2875 incipientem
431 2789 617 2855 immediate
646 2790 686 2855 ab
717 2786 768 2855 ἐπ’
789 2787 904 2857 ἐλπίδι
920 2792 1068 2879 ‘pendere
1090 2791 1297 2857 statuendum

199 2904 254 2988 sit,
276 2929 317 2972 cn
339 2906 521 2973 enunciatio
544 2905 586 2971 sit
607 2906 816 2994 explicationi
838 2908 973 2996 quidem
989 2909 1082 2975 verbi
1104 2907 1296 2973 anteceden-

198 3021 239 3089 tis
254 3022 447 3106 inserviens,
470 3039 530 3109 pe'r
542 3046 577 3088 se
592 3032 701 3090 tamen
717 3024 905 3107 subsistens,
914 3025 970 3089 ita
984 3034 1020 3090 ut
1034 3015 1087 3090 ὅτι
1101 3025 1294 3090 vertendum

198 3139 338 3207 sit-,nom
381 3139 526 3207 Priorem
547 3140 705 3206 rationem
720 3151 900 3229 sequuntur
919 3139 1108 3230 Castell,
1130 3141 1295 3225 Reiche‚

197 3256 309 3344 Moy„
341 3257 546 3345 Philippi,
575 3256 809 3324 Tischendf.
829 3257 878 3323 ed.
900 3266 1049 3341 st'ereot.;
1082 3259 1296 3345 posteriorem

198 3397 270 3439 cum
289 3375 422 3460 Vulgat.
445 3384 478 3439 et
507 3374 621 3440 Loth.
651 3384 784 3441 tuentur
804 3375 935 3463 plurimi
956 3376 1167 3463 interpretes,
1198 3375 1295 3441 etiam

198 3490 539 3578 Schneckenbgr„
559 3490 694 3574 Ruok,
716 3485 829 3557 Thol.
874 3490 941 3559 Sed
956 3490 1018 3556 duo
1041 3490 1188 3579 inprimis
1211 3500 1295 3574 sunt,

198 3628 282 3698 quae
303 3631 356 3673 me
378 3617 596 3691 commovent,
629 3617 665 3673 ut
694 3608 795 3696 priori
825 3609 1004 3674 sententiae
1033 3609 1183 3675 accedam
1204 3633 1211 3674 ε
1232 3609 1297 3696 pri·

196 3742 315 3808 rrum,
337 3725 423 3814 quod
453 3726 516 3791 iam
543 3724 693 3791 Reiche
722 3724 904 3811 urgendum
936 3727 1079 3812 putavit,
1108 3723 1159 3790 ἐπ’
1181 3723 1294 3792 ἐλπίδι

197 3843 291 3913 nimis
314 3842 439 3908 nudum·
458 3841 613 3929 relinqui,
637 3840 664 3906 si
685 3862 771 3906 nova
793 3841 953 3907 sententia
974 3843 1017 3907 ab
1037 3831 1090 3906 ὅτι
1110 3827 1294 3909 inchoetur,

199 3961 284 4031 Nem
306 3971 346 4027 ne
372 3961 390 4026 I
412 3958 488 4027 Oor.
512 3962 540 4040 9,
559 3964 598 4023 10
620 3956 751 4046 quidem
771 3958 852 4024 haec
873 3959 993 4024 locutio
1016 3956 1067 4024 ἐπ’
1083 3955 1206 4055 ,ἐλπίδι
1227 3961 1297 4027 abs·

204 4336 220 4369 >.
271 4315 807 4386 2)carutiumc.us‚y,.,·o,s.1.
954 4343 960 4353 ν
1068 4352 1071 4362 ·
