2782 4724
722 319 767 385 ⁶4

644 404 845 423 m

201 538 257 596 tur
283 521 766 617 περιποίησιςσωτηρίας,
798 524 820 591 i.
843 546 872 591 e.
898 525 1098 613 comparatio
1127 526 1244 594 salutis
1269 529 1304 597 in

202 653 348 712 extremo
374 645 509 724 iudicio,
543 645 601 715 ubi
626 645 819 735 effugiemus
846 621 1039 710 sententiam
1066 632 1305 715 damnatoriam

193 762 319 829 summi
341 762 472 850 judicis.
526 759 595 830 cfr.
627 761 664 829 H
690 760 804 827 Thess.
834 766 864 844 2,
889 764 927 825 14
954 785 962 826 :
997 755 1049 837 είς
1089 758 1306 851 περιποίησιν

202 866 305 967 δόξης
323 878 385 945 τοῦ
405 875 519 966 κυρίου
539 872 644 965 ἡμῶν,
666 886 699 946 et
718 877 822 945 chr.
847 880 895 960 13,
916 882 967 962 39,
988 877 1046 946 ubi
1066 878 1187 947 locutio
1209 901 1305 969 περι

147 1055 153 1060 .
200 992 336 1105 πρίησις
364 995 473 1087 ψυχῆς
501 996 587 1065 idem
618 998 705 1064 valet
736 995 823 1084 quod
850 992 997 1083 σωτηρία
1024 996 1144 1087 ψυχῶν
1172 996 1304 1067 IPetr.

205 1119 272 1199 1‚e
299 1115 335 1199 ¹).

286 1252 440 1345 Σωτηρία
465 1263 598 1344 praeter
617 1254 635 1322 I
655 1253 770 1321 Thess.
793 1255 822 1338 5,
844 1259 864 1319 8
884 1276 950 1321 uno
971 1253 1068 1321 etiam
1089 1255 1133 1322 N.
1155 1255 1208 1321 Ti.
1230 1256 1305 1323 loco

203 1374 331 1442 disertis
370 1373 479 1440 verbis
511 1373 673 1457 obiectum
704 1372 773 1460 spei
811 1381 948 1439 vocatur
976 1395 985 1439 r
1018 1373 1037 1439 Ι
1066 1372 1150 1439 Tim.
1173 1378 1203 1456 4,
1229 1378 1304 1440 10:

203 1466 257 1558 das
278 1480 462 1578 ἠλπίκαμεν
483 1488 543 1557 ε’πί
563 1489 638 1576 θεῷ
658 1488 765 1574 ζῶντι,
787 1479 826 1567 ὃς
845 1488 935 1556 ἐστιν
955 1478 1063 1576 σωτήρ
1084 1477 1218 1556 ποίυῖτωυ
1236 1478 1306 1556 αὐ-

69 1694 74 1705 ,
200 1602 363 1696 sipulum,
382 1595 527 1689 μάλιστα
547 1607 690 1691 πιστῶν,
725 1609 782 1675 ubi
803 1608 1011 1697 perspicuum
1033 1617 1083 1673 est
1104 1608 1305 1675 vocabulum

201 1726 281 1794 illud
316 1712 427 1813 σωτήρ
466 1726 631 1815 aliquanto
673 1727 910 1815 generaliorem
943 1726 1089 1793 obtinere
1127 1726 1306 1811 notionem,

199 1847 396 1934 praesertim
424 1867 525 1932 quum
560 1842 757 1909 constructio
787 1843 881 1910 verbi
907 1839 1054 1921 ἐλπίζειν
1082 1865 1155 1922 cum
1185 1864 1303 1933 praep.

199 1956 261 2028 ἐπί
292 1969 428 2048 regente
456 1960 601 2026 dativum
627 1960 763 2044 indicet,
792 1959 973 2027 subiectum
1003 1980 1139 2046 sperans
1159 1961 1224 2027 iam
1246 1962 1304 2028 ali-
1390 2016 1391 2019 ι

202 2088 362 2169 quatenus
396 2085 568 2166 expertum
603 2100 673 2144 esse
708 2079 883 2144 salutarem
910 2075 976 2144 Dei
1007 2075 1076 2141 vivi
1109 2077 1303 2165 potentium.

114 2259 119 2269 .
199 2195 268 2266 cfr.
291 2218 391 2285 supra
412 2219 483 2284 cap.
504 2195 551 2263 H.

284 2338 444 2407 Graviore
466 2337 563 2403 etiam
589 2335 684 2402 modo
706 2335 861 2423 negativa
881 2334 938 2400 illa
958 2332 1008 2400 vis
1031 2333 1143 2400 salutis
1165 2357 1184 2400 a
1204 2334 1303 2402 nobis

72 2462 76 2470 '
200 2462 389 2542 expectatae
410 2452 571 2518 indicatur
591 2451 671 2520 Jud.
692 2474 725 2517 v.
748 2457 785 2516 21
809 2477 817 2518 :
847 2447 986 2553 ξαστούς
1012 2450 1045 2519 ἐν
1071 2440 1187 2541 α’γυίπῃ
1211 2455 1303 2520 θεοῦ

196 2562 362 2658 τηρήσατε
381 2556 717 2657 προσδεχόμενοι
740 2559 788 2634 ad
809 2562 926 2647 ἔλεος
944 2569 1005 2635 τοῦ
1026 2568 1142 2658 κυρίου
1163 2561 1302 2657 ἦμιὸυἸ.

198 2686 360 2776 Χριστοῦ.
388 2687 463 2754 Ηοο
477 2672 608 2776 duoque
628 2687 698 2753 loco
715 2686 815 2753 alludi
831 2687 872 2753 ad
884 2687 1013 2754 finalem
1026 2688 1116 2755 illam
1133 2712 1170 2755 ac
1189 2684 1302 2783 defini·
1354 2772 1359 2785 ι

197 2805 299 2871 tivum
313 2803 507 2871 sententiam
521 2828 541 2871 a
555 2803 686 2873 Christo
706 2804 819 2872 mundi
832 2805 938 2872 iudice
952 2806 1230 2894 promulgandam,
1252 2807 1302 2874 in·

110 2990 113 2997 ,
197 2920 311 3012 primis
326 2931 418 3011 patet
433 2944 475 2988 ex
496 2922 674 3009 vocabulis,
699 2946 783 3012 quae
804 2922 838 2989 in
855 2924 920 2991 fine
934 2945 1048 2990 versus
1070 2923 1179 2991 addita
1200 2934 1300 2992 sunt:

198 3034 247 3116 είς
262 3035 351 3128 ζωήν
364 3030 507 3106 ulciscor.
538 3041 681 3107 Donatio
697 3041 783 3106 enim
797 3027 884 3109 vit‘ae
899 3050 1060 3124 aeternae,
1075 3044 1096 3111 i.
1109 3066 1137 3109 e.
1154 3065 1301 3110 summae

196 3179 304 3248 neque
335 3180 480 3248 unquam
508 3157 685 3224 desinentis
706 3157 884 3243 felicitatis,
916 3158 998 3225 nihil
1026 3169 1077 3226 est
1097 3159 1201 3244 aliud,
1232 3161 1300 3226 nisi

196 3275 330 3342 ultimus
371 3262 531 3365 simulque
573 3274 852 3364 splendidissimus
892 3275 1021 3342 divinae
1055 3275 1299 3344 misericordiae

198 3398 289 3460 actus
315 3414 395 3480 erga
420 3414 496 3477 nos,
525 3415 626 3481 quum
649 3414 709 3460 nos
736 3394 859 3460 nullam
889 3394 1018 3462 omnino
1050 3373 1180 3462 causam
1199 3394 1298 3462 habe

198 3528 299 3593 amus,
321 3531 387 3597 qua
407 3509 483 3575 freti
504 3511 610 3577 vitam
626 3510 715 3578 illam
735 3520 901 3600 tamquam
921 3514 1102 3600 praemium
1122 3513 1243 3581 iustum
1257 3536 1297 3581 ac

196 3625 347 3691 meritum
368 3634 588 3714 expectemus.

267 4005 287 4072 ¹)
305 4001 422 4060 (letarum
435 4007 473 4060 his
490 4007 570 4061 solum
589 4006 653 4060 locis
671 4021 729 4060 voc.
746 4011 904 4082 πιριιιοίρσις
922 4006 1005 4060 cniva
1023 3982 1155 4075 siguificat:
1175 4023 1232 4062 esse
1248 4023 1297 4063 ac·

196 4098 355 4169 cipicndum3
381 4110 471 4154 contra
489 4099 555 4168 llpls.
573 4097 598 4161 1,
620 4097 723 4177 14921
741 4099 808 4154 Pele.
825 4098 850 4163 2,
867 4098 885 4151 9
910 4101 1037 4170 passivum
1055 4102 1170 4156 obtinere
1187 4119 1297 4166 sensum,

196 4204 375 4264 congruentem
392 4210 449 4247 cnm
465 4193 587 4248 hebraico
604 4183 633 4282 'tp
650 4179 750 4272 rabam,
769 4195 785 4245 i.
798 4212 820 4248 c.
837 4194 970 4265 peculium,
988 4195 1057 4267 quod
1073 4198 1121 4252 sibi
1138 4201 1297 4267 comparavit

196 4294 274 4362 Dour,
292 4308 363 4351 reste
380 4297 496 4365 exposuit
512 4295 607 4351 llaclr.
624 4296 657 4351 ud
675 4296 687 4352 ί
704 4274 787 4354 Τίιειι.
807 4315 866 4369 pag.
885 4297 945 4353 405.
