2782 4724
687 290 724 354 16

606 376 805 390 ...Δ-α*

155 505 267 563 auctor
293 495 364 582 spei
379 494 572 583 'implendae
590 495 654 560 'est
678 495 770 561 Dens
791 480 817 560 ε’
832 484 1049 581 ἤλπικενέπί
1075 488 1129 562 τὸν
1161 483 1254 582 θεόν,

156 635 247 701 spem
272 612 443 678 collocavit
468 612 503 677 in
528 612 622 696 De03
659 611 785 677 IPetr.
812 617 837 694 l,
862 616 899 676 13
928 620 1037 676 antem
1052 619 1116 676 est
1146 611 1255 698 gratia

156 729 289 796 divina:
308 727 445 803 τελείως
465 724 624 794 ἐλπίσατε
646 722 705 794 ἐπί
725 721 781 816 τήν
802 726 985 816 φερομένην
1005 716 1080 808 ὑμῖν
1099 716 1200 814 χάριν
1218 733 1258 812 2).’

158 844 226 914 Ost.
247 844 347 912 LXX
375 845 430 912 Pa.
450 850 503 926 31,
519 847 573 928 253
602 851 652 927 42,
668 851 697 910 6.
724 839 910 929 12;‹43,'5;
944 849 993 928 69,
1015 852 1052 930 43
1082 850 1150 936 139,
1171 850 1202 912 5.
1227 848 1254 931 7,

156 963 212 1030 ubi
234 959 382 1041 ἐλπίζειν
403 957 461 1026 ἐπὶ
482 949 572 1044 θεόν,
595 955 654 1026 ἐπί
675 951 787 1048 κύριον
807 961 982 1049 respondet
1002 961 1092 1027 hebr.
1117 936 1255 1056 'didm

156 1080 209 1146 Ps.
232 1083 352 1162 33,18;
381 1079 599 1161 147,11,-ubi
626 1100 686 1165 per
714 1074 863 1157 ἐλπίζειν
890 1075 949 1145 ἐπί
975 1074 1014 1144 sd
1038 1071 1131 1152 ἐλεος
1151 1069 1254 1143 odacri

155 1198 301 1265 redditur
327 1195 419 1261 hebr.
440 1182 545 1291 inest}
563 1182 628 1281 51]).
678 1192 746 1261 cfr.
764 1195 883 1275 ‚etiams
896 1196 931 1262 II
952 1195 1037 1282 Reg.
1062 1200 1109 1277 18,
1125 1200 1176 1277 24,
1200 1195 1256 1263 ubi

155 1304 299 1400 ἤλπισας
337 1311 466 1396 σεαυτῷ
507 1301 560 1378 ἐπ’
594 1311 766 1395 Αἴγυπτον
799 1312 975 1399 respondet
1008 1311 1098 1378 hebr.
1138 1325 1262 1407 nmm-

155 1441 275 1524 onte·
277 1420 319 1516 5))
334 1416 394 1526 ἢ),
415 1428 473 1493 Ps.
493 1431 542 1508 78,
558 1433 613 1511 22,
615 1429 685 1522 ubi
705 1451 765 1516 per
785 1405 1013 1508 ἐλπίζεινέπί
1032 1420 1070 1494 ad
1092 1419 1256 1518 σωτήριον

156 1534 259 1610 adsoni
278 1545 444 1611 vertitur:
466 1549 600 1642 tumen
618 1557 703 1632 '710³
868 1602 871 1608 -

179 1659 335 1742 Quod
357 1661 544 1727 adIPet.r
568 1667 651 1746 1,13
677 1663 808 1746 attinet,
837 1663 1041 1750 Weissius
1066 1620 1208 1742 2.)εᾶλι
1230 1666 1253 1731 l.

156 1788 286 1866 negat,
307 1777 479 1844 discrimen
508 1799 579 1842 esse
605 1778 691 1845 inter
719 1779 990 1846 constructionem
1010 1775 1161 1859 ἐλπίζειν
1181 1777 1254 1846 ἐπί

154 1917 246 1960 νιν-ι
280 1903 314 1960 et
344 1890 411 1960 ἐπί
441 1915 541 1959 τινα.
597 1894 670 1960 Hoc
701 1894 851 1983 equidem
878 1897 1122 1963 ,concedendum
1163 1908 1250 1985 puto,

155 2014 310 2080 sermonis
335 2011 496 2104 pensionis
517 2011 760 2079 Alexandrinae
789 2013 913 2079 ratione
941 2015 1053 2081 habita
1076 2016 1121 2100 (v.
1143 2015 1251 2110 infra).

156 2127 223 2197 Sed
247 2131 320 2218 ipso
350 2131 405 2198 illo
426 2132 497 2197 loco
518 2130 536 2195 Ι
558 2129 645 2196 Petr.
673 2136 697 2213 l,
716 2136 771 2214 13,
805 2130 861 2196 ubi
877 2121 1064 2244 ,adnecest
1091 2131 1181 2216 finis,
1216 2133 1261 2198 in=

155 2270 251 2336 quem
266 2255 424 2338 epuratur,
446 2247 651 2333 nequaquam
664 2248 840 2313 concedere
855 2261 997 2334 possum,
1007 2250 1100 2329 ⁴nihii
1122 2248 1252 2315 omnino

154 2363 349 2447 interfuisse,
371 2363 398 2428 si
420 2361 529 2428 dativo
552 2385 628 2427 usus
651 2372 737 2441 esset
758 2373 879 2442 auctor,
901 2364 1253 2432 licetWeiss..multis

154 2480 353 2566 argumentis
380 2479 519 2556 collatis,
532 2480 566 2546 id
592 2480 782 2575 confirmare
805 2454 946 2550 studeat,
987 2479 1054 2561 Qui
1073 2491 1161 2547 recte
1184 2484 1253 2570 qui·

154 2596 227 2665 dem
245 2595 500 2689 contraUHuth.
524 2596 564 2667 ad
574 2595 605 2662 h.
615 2597 635 2662 l.
658 2607 758 2683 negat
775 2597 849 2664 fieri
869 2616 977 2687 posse,
997 2594 1253 2690 ut-Chriptienus

152 2737 238 2800 spem
258 2737 344 2781 suam
362 2726 459 2801 ponat
478 2715 510 2779 in
533 2714 639 2802 gratia
660 2715 789 2780 omnino
811 2716 954 2782 nonduin
972 2724 1166 2801 praesente,
1195 2715 1253 2803 sed

153 2853 213 2919 per
236 2831 385 2899 ,futurum
414 2831 542 2899 demum
564 2829 687 2898 Christi
714 2831 855 2898 reditum
882 2831 1050 2897 nobiscum
1077 2833 1251 2896 communi·

83 3006 90 3014 ,
153 2949 270 3037 canda„
308 2948 375 3018 Sed
396 2973 462 3016 non
483 2957 627 3036 oportet,
659 2957 785 3014 tantum
806 2949 978 3015 discrimen
1000 2957 1149 3017 statuere⁴
1165 2948 1252 3015 inter

152 3067 290 3153 gratiam
312 3067 376 3133 iam
396 3076 600 3153 praesentem
615 3053 654 3129 'et
675 3065 814 3157 gratiam
834 3075 1071 3151 exspectatam,
1094 3077 1251 3154 quantum

151 3185 229 3251 facit
250 3183 460 3277 Weiisius.
482 3244 485 3248 .
503 3183 617 3269 Ipsum
631 3182 719 3249 'illud
739 3180 962 3269 praedicatum
982 3182 1148 3271 φερομένη
1165 3177 1247 3266 ὑμῖν,

152 3300 240 3386 quod
260 3300 404 3367 additum
426 3309 475 3366 est
496 3299 653 3364 vocabulo
673 3287 787 3388 χάρις,
821 3299 960 3395 ostendit
991 3300 1156 3388 designari
1178 3323 1257 3393 gra-y

168 3576 171 3601 ³
209 3582 243 3653 ΙΙ)
260 3583 382 3654 Congruit
406 3593 518 3638 nostrum
535 3600 544 3635 ἰ
572 3585 625 3639 sich
649 3582 694 3637 nui
714 3595 795 3639 etwas
816 3584 878 3637 oder
897 3582 998 3652 jemand
1021 3585 1167 3648 variamen,
1198 3601 1249 3640 von

146 3676 221 3743 jemd.
239 3677 280 3731 od.
299 3681 368 3730 einer
384 3679 464 3733 Sache
487 3689 568 3732 etwas
592 3678 689 3744 boden,
716 3681 786 3731 seina
799 3679 938 3748 'nurnung
965 3679 1012 3731 sui
1031 3677 1135 3744 jemand
1161 3691 1249 3733 setren

27 3824 31 3837 ,
151 3776 233 3855 (spem
253 3770 407 3825 collocare'
401 3789 426 3824 m
450 3772 557 3842 aliquo),
595 3790 644 3825 uon
668 3783 776 3826 autem·
801 3774 846 3825 auf
868 3784 948 3827 etwas
966 3772 1061 3835 boden,
1092 3789 1142 3840 quo
1167 3776 1249 3842 potius

150 3849 262 3931 simplet
273 3856 396 3919 obiectum
414 3868 532 3936 sperandi
551 3867 655 3936 exprimi
673 3866 752 3930 solot3¹
769 3869 816 3920 etsi
834 3866 965 3920 interdum
975 3850 1064 3921 eiiam
1067 3860 1157 3920 eodem
1175 3883 1249 3920 sensu

152 3975 297 4027 usurpamus
316 3960 379 4013 hanc
396 3961 510 4030 phrasin,
525 3978 576 4030 quo
593 3978 676 4030 graec.
696 3953 805 4031 ἐλπίζειν
822 3967 865 4016 inl
880 3983 947 4017 τινα

219 4080 242 4142 2)
261 4079 312 4131 Der
330 4081 480 4149 petrinische
499 4060 661 4151 Lebrbegriti.
698 4054 780 4161 Beroi.
801 4080 877 4148 1855,
894 4098 953 4152 pag.
966 4079 1000 4134 36
1017 4092 1068 4136 not.
1085 4080 1107 4134 1.
1126 4080 1157 4133 ad
1174 4095 1247 4149 quem

151 4171 252 4236 librum,
281 4177 369 4226 eximia
394 4175 538 4244 theologiae
562 4175 590 4227 Ν.
610 4174 645 4227 Ti.
670 4176 814 4245 cognitione
836 4178 967 4245 scriptum,
996 4176 1106 4244 inprimis
1130 4191 1205 4243 saepe
1223 4175 1247 4226 in

152 4269 314 4335 sequentibus
334 4269 500 4340 delegandum
517 4269 588 4322 nobis
605 4271 659 4322 erit.
737 4302 740 4309 ·
