2782 4724
738 345 759 406 4

651 432 848 443 *—

153 557 158 562 ’
204 549 396 637 διατρίβειν,
418 542 695 636 πραγγιύεσθαι)
712 546 748 633 ¹).
790 548 842 613 Ita
863 544 991 626 ἐλπίζω
1014 571 1143 635 quoque
1164 549 1297 635 proprie

203 677 252 733 est
272 668 376 734 forma
403 666 655 755 frequentativa,
689 665 861 742 denotans,
892 673 928 729 ut
948 664 1077 730 videtur
1097 690 1105 730 :
1117 664 1299 750 frequenter
1376 715 1378 719 Α

201 797 296 870 capot
322 786 474 849 demittere
498 784 681 869 speculandi
704 807 728 847 a.
753 783 965 868 prospectendi
996 806 1108 864 caasa,
1143 783 1259 847 deinde
1291 808 1298 847 :

201 901 340 984 intente,
375 899 504 967 assidue
534 910 708 986 expectare
736 899 873 988 aliquid,
903 920 1114 986 perseverare
1141 899 1175 963 in
1202 921 1300 986 expe·

202 1017 328 1083 otando.
366 1013 499 1104 Optime
514 994 665 1102 congruit
674 1020 752 1081 'cum
764 1015 872 1081 radice
887 1015 979 1081 verbi
992 1015 1080 1080 illius
1095 1004 1302 1095 κυπ-τιίζειν

201 1135 257 1200 lat.
287 1136 380 1220 cupio
403 1131 691 1220 (con-cup-isco),
722 1131 808 1219 quod
835 1141 944 1213 tamen
969 1132 1074 1218 magis
1096 1154 1224 1198 sensum
1246 1156 1301 1198 ex-

203 1249 337 1337 optandi
359 1273 385 1315 s.
408 1248 613 1315 desiderandi
635 1247 767 1330 obtinet,
788 1239 860 1313 cum
881 1248 989 1336 potius
1011 1250 1045 1315 in
1066 1249 1167 1329 verbo
1189 1274 1301 1336 scape-

201 1370 312 1449 ctcndi,
333 1389 460 1432 necnon
480 1366 514 1430 in
536 1365 641 1431 vicino
664 1367 814 1451 operandi
833 1364 923 1453 (spes
938 1364 1024 1430 enim
1041 1365 1185 1433 eiusdem
1204 1367 1301 1453 origi-

201 1484 253 1550 nis
289 1492 339 1548 est
373 1506 411 1548 ac
447 1482 631 1570 speculum,
672 1461 797 1568 specto)
834 1481 947 1546 eadem
982 1504 1095 1548 sensus
1133 1482 1301 1548 translatio

203 1608 376 1689 appareat,
411 1609 510 1688 atque
538 1600 571 1664 in
600 1621 718 1686 graeco
745 1594 884 1679 ἐλπίζω.
927 1599 1155 1687 Etymologiae
1177 1600 1301 1666 ratione

204 1717 315 1783 habita
337 1716 495 1782 vocabula
517 1738 601 1805 spes,
623 1738 773 1803 sperare,
786 1738 840 1794 ex·
829 1727 989 1806 -spectare
1010 1718 1207 1817 conveniunt
1229 1740 1301 1783 cum

204 1856 312 1922 graec.
336 1831 539 1916 σκέπτομαι,
571 1827 724 1916 essedo,
747 1832 835 1900 Sser.
856 1836 921 1909 [ΠΙ
902 1859 1004 1978 pap
1023 1856 1082 1922 pro
1103 1835 1190 1913 ῌΠί
1178 1859 1301 1932 spap,

204 1959 306 2024 Hebr.
329 1959 437 2056 W(
424 1959 479 2044 (de
503 1981 566 2047 quo
586 1982 617 2024 v.
640 1959 820 2046 infra).-

243 2074 384 2157 Quod
405 2078 446 2142 ad
466 2077 607 2142 radicem
627 2078 718 2163 volup
734 2078 763 2158 2)
784 2077 910 2156 attinet,
933 2098 1017 2166 quse
1041 2077 1147 2164 quoad
1168 2088 1300 2166 etymon

203 2195 351 2281 proxime
374 2194 497 2261 accedit
518 2195 560 2260 ad
579 2191 693 2281 ἐλπίς,
725 2195 758 2260 ἱιι
788 2219 827 2261 ea
848 2197 961 2262 saltem
981 2195 1071 2261 notio
1089 2196 1141 2261 rei
1162 2206 1301 2282 optatae,

205 2311 423 2394 desideratae,
456 2311 615 2379 iucundae
644 2312 685 2377 ad
707 2313 865 2399 originem
887 2313 1030 2378 alludere
1051 2313 1190 2379 videtur.
1231 2312 1300 2380 cfr.

206 2428 300 2501 Ssor'..
316 2428 449 2504 δίὶὅιῖἶί
470 2423 594 2513 vallb‘a,
616 2430 765 2513 amasius,
787 2429 931 2514 delicias,
955 2431 1041 2519 quod
1062 2432 1171 2496 nescio
1193 2441 1302 2497 utrum

205 2575 279 2619 cum
305 2534 414 2620 radice
441 2554 562 2653 &iffi
572 2554 656 2642 tegi,
678 2555 848 2640 abscondi,
878 2579 919 2621 an
941 2578 1014 2621 cum
1035 2520 1302 2655 ἃῆνόλιιιοίἰ-

205 2678 290 2758 lare,
331 2679 498 2755 lascivire,
531 2679 712 2745 cohaereat.
745 2717 778 2726 -
810 2680 850 2745 In
886 2679 1123 2747 Germanorum
1155 2701 1302 2746 sermone

140 2861 144 2864 .
205 2795 305 2861 latino
329 2797 424 2884 cupio
447 2797 643 2884 respondere
665 2797 793 2863 videtur
806 2798 917 2884 defflere,
940 2822 1009 2885 aga.
1031 2798 1193 2886 topices),
1216 2798 1303 2885 quod

204 2912 314 2977 nescio
349 2937 390 2978 an
420 2913 531 2979 eadem
560 2915 749 3003 metaphora
769 2916 934 2983 notionem
957 2940 1048 2983 suam
1076 2914 1224 3004 adoptem
1252 2917 1302 2997 sit,
1387 2990 1389 2995 ¹

206 3052 243 3094 ac
265 3051 372 3117 graec.
394 3027 532 3111 ἐλπίζω.
577 3030 643 3100 Sed
664 3037 771 3121 potest
790 3035 821 3099 ei
843 3034 939 3098 etiam
962 3034 1094 3099 subesse
1114 3028 1207 3123 notio¹
1225 3032 1305 3097 anti·

207 3146 336 3235 cipandi
359 3147 427 3213 sive
448 3148 590 3214 firmiter
604 3150 736 3216 tenendi
757 3149 896 3238 aliquid,
926 3149 973 3231 ita
1000 3159 1044 3215 nt·
1063 3149 1171 3237 potius
1199 3149 1309 3254 conse

207 3264 343 3329 rendum
365 3264 407 3330 sit
428 3265 483 3330 lat.
505 3271 611 3353 capio,
632 3278 745 3356 capto,
768 3291 939 3358 aucupor,
963 3276 996 3334 et
1019 3267 1107 3356 quod
1128 3266 1168 3333 ad
1190 3288 1303 3332 sensus

208 3451 506 3469 *m-

225 3579 228 3585 ¹
280 3597 300 3662 ¹)
319 3594 370 3675 Cir.¹
388 3599 462 3650 etiam
480 3594 641 3677 adpendere
652 3584 699 3671 'pt'
715 3610 819 3673 peccare
836 3583 882 3668 par
900 3599 1046 3664 fenestram,
1069 3602 1164 3652 intente
1182 3600 1304 3666 inspicere

94 3674 135 3745 ⁶²⁴.ss
208 3689 232 3741 in
256 3690 288 3741 al.
313 3707 366 3744 rem
388 3617 751 3765 (alseatina-1323
776 3695 864 3747 Jacob.
884 3693 967 3758 1,25,
990 3695 1098 3764 abiona
1118 3692 1304 3762 consequenti
1375 3762 1379 3769 ι

208 3786 287 3838 Verbo
311 3796 417 3894 napapt
418 3810 452 3845 vc
470 3791 575 3842 similem
592 3790 669 3843 efficit
685 3773 814 3841 notionum
833 3786 1053 3850 coniunctionem,
1075 3789 1142 3839 acsi
1160 3787 1240 3838 verba
1259 3789 1304 3840 a·

207 3872 272 3950 πίζω
294 3890 320 3933 et
341 3874 458 3962 dereptae
485 3882 573 3953 (spero
591 3894 617 3936 ct
633 3884 782 3952 persevero)
798 3885 993 3953 coniungantur,
1019 3880 1061 3933 vei
1079 3892 1107 3933 ut
1122 3877 1305 3959 μακροθυμῶν

208 3973 414 4064 luitprandus
433 3978 458 4040 5,
478 3979 507 4040 7ι
526 3969 567 4031 vei
577 3967 651 4032 δι”
637 3998 765 4056 1·aopov,5
781 3970 874 4066 decuit
863 3974 980 4052 ἐχιόθὰι
997 3972 1068 4028 Rom·
1084 3973 1110 4038 8,
1128 3975 1170 4026 25

226 4094 385 4160 ’,)Ηιιιο
403 4106 443 4148 est
460 4096 539 4150 forma
557 4096 656 4158 radicis,
673 4112 723 4149 non
742 4061 844 4165 votiva,
866 4112 891 4150 v.
908 4096 996 4150 Rhcin
1014 4092 1076 4150 bins.
1095 4076 1149 4158 ff,
1166 4094 1191 4156 2,
1209 4092 1268 4144 319.

227 4215 386 4281 >tinec
404 4225 486 4268 tamen
504 4217 623 4284 cognatio
641 4215 718 4269 dubia
736 4226 799 4269 est:
819 4233 844 4270 ι.
856 4216 1020 4287 Weigand,
1038 4213 1170 4269 deutscbes
1190 4211 1304 4263 Worter-

209 4246 285 4372 onst,
302 4325 322 4361 ι.
335 4324 364 4379 ¹v.
381 4309 473 4365 boden.
578 4304 606 4328 ”

360 4550 420 4625 ,ΙΙ
