2782 4724
624 398 822 417 ——1-——0—1·

176 523 266 589 illum
279 517 430 586 coelestem
445 519 815 607 rerumque'coelestium
830 539 983 607 capacem
997 516 1034 604 ¹),
1051 515 1108 607 qui
1123 514 1272 613 inprimis

177 637 377 725 significatur
410 657 468 723 spe
502 634 635 701 ardente
668 656 856 723 summoque
888 633 1107 721 coniungendi
1137 658 1171 700 se
1200 659 1273 702 cum

176 754 285 820 divino
317 752 448 838 numine
477 750 646 837 desideria
698 749 771 816 Tali
801 750 887 817 enim
915 748 1046 838 ingenio
1085 773 1166 838 opus
1204 763 1273 819 erat

81 952 86 964 s
177 869 341 938 Salvatori
368 867 409 934 ad
434 867 632 945 fundandam
659 866 844 951 eeclesiam,
877 866 1025 955 fervente
1040 842 1092 953 ‘ae
1119 880 1271 958 prompto

177 986 217 1052 ad
242 985 379 1074 quodvis
400 985 521 1051 malum
542 983 770 1076 perforendum
790 993 823 1049 et
845 984 992 1076 quemvis
1014 965 1297 1053 laboram'exsa'

176 1102 339 1191 quendum
352 1111 487 1190 proptor
501 1123 592 1189 spem
606 1101 787 1166 futurorum
806 1101 988 1187 gloriatae
1008 1103 1269 1190 magnificentiae

175 1219 393 1308 praemiorum
412 1218 645 1306 promissorum
666 1216 726 1283 sibi
748 1240 767 1282 a
787 1217 928 1283 Domino
949 1216 1065 1284 Marah.
1091 1224 1138 1312 19,
1153 1225 1204 1286 28.
1221 1225 1270 1287 29.

175 1334 247 1403 Has
261 1359 338 1402 vero
360 1335 497 1401 virtutes
518 1333 777 1423 perseverantiae
799 1334 832 1401 in
854 1335 1079 1401 afflictionibus
1100 1336 1272 1425 laetaeque

176 1478 256 1542 erga
275 1456 384 1520 Deum
404 1452 605 1519 obedientiae
621 1452 666 1539 2),
694 1452 845 1519 audaciae
866 1454 995 1520 iunctae
1017 1476 1091 1519 cum
1110 1454 1271 1545 cautione,

55 1560 72 1578 ⁶
176 1571 354 1643 sanctitatis
381 1592 588 1660 summaeque
616 1569 766 1658 sperandi
794 1570 1019 1659 plerophoriae
1041 1594 1152 1663 omnes
1174 1572 1272 1638 simul

113 1743 117 1755 .
174 1689 301 1755 futuras
322 1687 495 1776 aliquando
518 1687 556 1752 in‘
572 1697 704 1775 pectore
725 1686 823 1752 huius
841 1687 978 1768 iuvenis,
1010 1689 1179 1755 confestim
1200 1712 1271 1778 per·

174 1804 321 1893 spexisse
349 1803 479 1870 videtur
506 1805 666 1898 Dominus
691 1791 963 1891 καρδιογνώστης,
1002 1830 1102 1896 quum
1128 1806 1271 1896 primum

174 1923 204 1988 ei
233 1921 361 1988 obviam
388 1921 493 1987 factus
514 1929 614 2004 esset,
647 1920 785 2009 ideoque
807 1922 915 1988 statim
935 1923 976 1990 ab
997 1923 1089 1990 initio
1111 1926 1271 2012 apostola

173 2047 226 2105 tus
247 2039 316 2104 cius
337 2038 491 2127 imposuit
512 2037 543 2103 oi
564 2060 744 2124 cognomen
765 2038 864 2119 illud;
894 2063 1090 2129 quamquam
1112 2041 1270 2131 paulatim

174 2155 303 2222 demum
332 2165 426 2221 vetus
466 2155 535 2221 eius
574 2165 691 2222 natura
720 2156 754 2223 in
789 2157 929 2246 speciem
969 2158 1010 2225 ab
1049 2159 1135 2224 omni
1173 2168 1270 2247 parte

173 2274 303 2361 dignam
325 2273 382 2339 tali
403 2273 595 2360 cognomine
616 2275 785 2351 immutata
805 2298 876 2341 csse
897 2275 1055 2342 videatur.
1102 2297 1105 2303 ‘
1144 2336 1164 2363 a.

255 2390 355 2479 Apud
374 2392 508 2456 Petrum
532 2391 633 2477 igitur
659 2414 734 2480 spes
759 2391 900 2478 primum
927 2393 1033 2458 locum
1060 2392 1094 2458 in
1115 2389 1269 2477 universa

173 2506 336 2574 doctrinae
366 2529 490 2572 summa
516 2507 660 2583 obtinet3
689 2516 738 2572 est
765 2508 857 2596 quasi
879 2509 1030 2598 sphaera,
1057 2509 1091 2574 in
1113 2532 1178 2598 qua
1191 2509 1268 2575 ‘sola

172 2632 206 2689 et
224 2622 399 2711 praecipue
424 2644 458 2687 se
478 2645 609 2688 movere
630 2622 725 2689 debet
751 2635 1015 2711 regeneratorum
1035 2627 1104 2709 vita
1124 2625 1157 2712 (Ι
1177 2625 1266 2690 Petr.

176 2744 201 2823 1,
216 2739 266 2824 3),
297 2739 349 2804 oui
369 2739 450 2805 fides
477 2739 588 2806 subest
608 2751 773 2828 tamquam
793 2730 934 2811 conditio
964 2766 1001 2808 ac
1021 2743 1267 2827 fundamentum

173 2854 215 2940 (e.
240 2861 267 2941 1,
283 2855 348 2942 21),
370 2880 517 2945 quaeque
537 2859 571 2923 in
593 2881 692 2946 opera
714 2869 842 2925 sanctae
858 2860 994 2947 piaeque
1010 2859 1220 2946 obedientiae
1233 2866 1266 2923 et

172 2973 314 3040 caritatis
330 2997 364 3040 se
379 2975 500 3042 evolvit
515 2999 552 3040 ac
567 2974 774 3062 discurrit-(c.
791 2979 817 3058 1,
833 2978 898 3059 22).
914 3014 956 3060 -,
969 2973 1093 3041 Contra
1103 2974 1265 3065 'Paulus

168 3090 307 3157 maxime
321 3091 440 3179 premit
441 3091 553 3176 fidem.
587 3091 682 3157 Hanc
698 3091 782 3157 enim
797 3092 873 3157 facit
887 3103 920 3158 ct
933 3068 1123 3180 proximum'
1132 3105 1265 3181 et'prae

169 3209 301 3297 cipuum
328 3209 480 3276 effectum
502 3208 777 3295 regenerationis3
803 3208 881 3276 haee
911 3220 972 3306 est·
985 3210 1057 3297 ipsa
1083 3232 1170 3276 nova
1197 3207 1265 3295 vita

237 3567 521 3637 ²)Vainpr.vs.17:
541 3559 581 3625 dra
605 3560 672 3646 όᾶρξ
695 3574 737 3626 καὶ
759 3567 827 3650 αἷμα
853 3560 900 3626 otiu
922 3559 1083 3643 ἀπεκάλυψέν
1108 3577 1152 3622 dos
1169 3558 1262 3626 dat’o‘

167 3655 251 3737 πατῆρ
267 3682 320 3740 μου
339 3653 353 3717 d
372 3669 405 3718 tv
425 3671 496 3731 acts
519 3656 681 3740 οὐρανοῖς.
716 3664 769 3717 Cir.
787 3680 825 3716 vs.
843 3660 884 3716 19.

192 3794 195 3801 ’
237 3796 436 3866 ¹)0bcdicntiaa
461 3815 522 3868 erga
539 3798 586 3851 Dci
612 3799 765 3851 voluntatem
789 3798 900 3865 inprimis
927 3802 1062 3853 conventre
1087 3815 1178 3853 nornen
1201 3801 1263 3854 illud

156 3901 268 3961 ¹petrae,
303 3907 319 3943 a
341 3890 458 3946 firmitate
485 3903 510 3945 et
533 3893 626 3945 robure
650 3894 767 3960 petitum,
800 3896 878 3959 ipsios
904 3894 1005 3946 Domini
1032 3894 1108 3947 docet
1133 3894 1227 3949 dieram
1253 3912 1260 3946 ι

159 3985 251 4038 uad.
269 3985 295 4049 7,
314 3984 356 4038 24.
392 3984 522 4055 Ingenium
540 4001 569 4038 ac
587 3989 640 4037 vita
658 3987 725 4045 eius,
753 3987 794 4054 qui
813 3986 929 4038 fiduciam
944 4003 1013 4039 suam
1031 3997 1084 4041 toto
1102 3990 1186 4041 animo
1203 3989 1260 4043 col·

166 4078 275 4132 locatam
293 4079 369 4133 habat
391 4083 416 4131 in
439 4081 522 4135 diuina
543 4080 586 4130 illa
604 4089 677 4147 patra
693 4077 775 4139 lsrael
792 4079 864 4133 Dent.
881 4077 926 4144 32,
943 4079 973 4145 4,
1000 4084 1053 4149 ipsa
1077 4093 1149 4152 patra
1170 4084 1260 4136 ⁴uocari

165 4183 255 4241 potest.
298 4171 351 4225 cn.
382 4174 422 4226 Ps.
440 4170 482 4237 61,
500 4171 525 4224 3.
542 4172 573 4238 4;
602 4171 644 4239 73,
660 4171 705 4238 26,
740 4173 782 4226 ubi
813 4175 905 4228 fiducia
933 4177 959 4228 in
988 4173 1067 4229 Deum
1100 4193 1156 4229 eum
1185 4186 1259 4248 petat

156 4268 301 4330 ,cantarana
693 4282 696 4287 ·
