2782 4724
741 342 782 409 at

210 549 281 618 loco
309 536 543 641 (ῃοῖκρῦσαντες
562 572 618 638 την
638 545 750 615 πίστιν
829 598 837 616 .
859 598 867 616 .
889 548 944 623 καὶ
964 539 1019 634 τήν
1040 537 1169 636 α’γάήην
1189 598 1198 615 .
1222 598 1230 615 .
1252 597 1260 615 .

212 660 271 735 dcci
292 658 347 755 τήν
365 664 489 734 ἐλπίδα
508 664 574 758 τήν·
586 656 798 752 οἷποὲιειμὲνην
826 664 860 731 ἐν
873 729 876 732 ,
888 658 1042 753 οὐρανοῖς
1062 666 1140 752 κτλ.)
1169 668 1265 738 fides.
1281 678 1316 734 et

211 786 328 851 caritas
354 785 497 874 pendent
525 807 567 849 ex
595 808 652 871 spe
673 795 839 871 tamquam
860 806 901 849 ex
925 784 1108 850 conditione
1130 766 1206 865 sua‘,
1227 784 1261 849 .i.
1286 808 1314 850 e.

212 902 405 987 ex-aublimi
426 902 482 967 illo
505 911 537 965 et
560 901 693 966 coelesti
715 924 828 985 sensu,
859 901 916 989 qui
938 900 1040 966 oritur
1060 901 1155 966 nobis
1177 924 1219 966 ex
1239 923 1315 967 con·

211 1019 355 1102 scientia,
377 1042 487 1085 veram
500 1017 639 1107 patriam
659 1027 803 1110 nostram
816 1017 851 1082 in
866 1017 1059 1098 coeliacsse,
1080 1016 1137 1092 ubi
1152 1016 1312 1083 ditissima

212 1159 249 1202 ac
270 1136 532 1224 splendidissima
550 1158 610 1200 noa
632 1145 761 1200 maneat
782 1133 954 1206 hereditas.
977 1169 1018 1220 e
1038 1134 1131 1203 Idem
1151 1133 1220 1200 fere
1241 1157 1313 1199 aen·

211 1276 266 1319 aua
288 1277 359 1319 ease
380 1254 509 1319 videtur
528 1244 812 1340 Epa..1,15-18,
835 1252 891 1319 ubi
912 1251 997 1316 inter
1014 1252 1111 1317 fidem
1132 1228 1312 1317 caritatem·
1358 1330 1362 1340 Ι

211 1394 275 1459 que
298 1381 330 1444 et
352 1371 522 1458 sphaeram
544 1392 663 1451 earum,
686 1369 719 1433 in
735 1392 799 1456 qua
813 1377 986 1434 versantur
1001 1369 1069 1453 (vel
1084 1368 1311 1452 conditionem,

112 1570 118 1579 .
211 1511 229 1553 e
252 1510 316 1574 qua
337 1486 504 1573 pendent),
526 1508 625 1572 spem,
647 1486 751 1551 adhuc
772 1463 926 1553 inacritur
948 1510 955 1552 :
978 1487 1108 1566 πνεῦμα
1120 1481 1242 1570 σοφίας
1255 1463 1311 1551 καὶ

211 1593 478 1689 ‹incauti-daveda,
511 1611 677 1692 tamquam
706 1603 972 1686 instrumentum,
1003 1625 1067 1691 quo
1090 1603 1246 1679 utendum
1268 1603 1311 1668 sit

210 1718 252 1784 ad
281 1719 347 1784 vim
377 1728 409 1784 at
436 1726 584 1784 naturam
612 1743 716 1785 novae
742 1719 945 1812 huiuavitaa
966 1720 1000 1785 in
1023 1743 1080 1806 spe
1103 1719 1310 1812 consistentis

144 1844 146 1850 '
210 1859 307 1924 quam
334 1837 473 1903 maxime
501 1812 758 1922 cognoscendam
782 1845 814 1900 et
834 1835 1103 1923 perspiciendam.
1128 1872 1164 1885 -
1187 1836 1239 1907 Ita
1262 1811 1310 1901 eis

210 1975 340 2040 quoque
366 1953 459 2035 locis,
492 1953 548 2018 ubi
577 1948 691 2026 πίστις
721 1952 824 2017 solum
845 1961 878 2016 et
899 1941 1012 2038 ἀγάπη
1036 1952 1225 2018 coniunctae
1245 1975 1313 2018 me-

208 2078 401 2152 morantur,
416 2069 629 2163 supplendam
654 2079 763 2134 tamen
788 2079 867 2156 puto
895 2092 985 2156 spem
1013 2080 1045 2135 et
1068 2045 1307 2158 quodammode

204 2187 304 2276 tacite
318 2197 321 2203 '
335 2185 514 2251 addendam
548 2186 673 2251 duabus
710 2187 773 2251 illis
801 2195 966 2274 tamquam
992 2187 1222 2253 necessariam.
1235 2209 1310 2253 con-

207 2302 371 2386 ditionem,
395 2325 459 2391 qua
480 2302 660 2367 innitantur
675 2303 719 2385 ¹);
740 2326 772 2368 v.
785 2327 813 2369 c.
830 2303 904 2371 Gal.
920 2308 981 2386 5,6
1005 2305 1084 2390 (quo
1106 2313 1216 2371 tamen
1235 2303 1308 2369 loco

205 2418 270 2485 iam
297 2442 393 2484 versu
408 2395 570 2505 proxime
603 2418 770 2504 superiore
797 2418 866 2505 spei
899 2419 1021 2485 mentio
1049 2419 1135 2492 facta
1161 2390 1307 2504 tuerint»

205 2534 290 2620 Eph.
312 2536 479 2616 3,17.18;
501 2534 519 2598 Ι
541 2533 655 2598 Thess.
677 2539 757 2618 3,6;
778 2535 796 2600 I
817 2534 902 2601 Tim.
929 2540 1026 2619 1,14;
1049 2542 1147 2619 4,12;
1170 2535 1307 2612 IITim.

207 2655 235 2733 1,
253 2656 308 2734 133
344 2656 372 2733 2,
388 2655 441 2734 223
474 2650 611 2725 Philam.
634 2651 663 2715 5.
713 2650 1064 2723 Eodem1referend0s
1092 2652 1178 2739 'puto
1207 2652 1332 2736 locoa,‘

208 2950 232 3004 h.
251 2938 269 3005 l.
287 2969 294 3004 τ
313 2953 381 3005 „aar
402 2951 451 3005 alle
474 2930 529 3004 drei
552 2952 616 3004 mule
640 2953 685 3004 dae
705 2928 838 3034 ptvatvin
862 2954 918 3006 dem
940 2952 1078 3006 nimlichen
1097 2956 1173 3006 Sinna
1191 2957 1309 3034 *gemeint

206 3047 311 3115 aein.⁶);
329 3049 410 3118 neque
428 3040 503 3100 etiam
520 3049 563 3108 ita,
581 3049 649 3100 acci
667 3047 758 3099 atiena
775 3048 833 3100 fidei
851 3050 948 3118 etepei
966 3045 1308 3112 (derlnhcltdeeillaubena

207 3141 414 3210 undilotlem)in
429 3139 558 3195 aeternum
571 3156 690 3193 mansura
700 3141 813 3194 dicantur
824 3141 872 3206 (ita
889 3140 1035 3204 Billroth,
1052 3142 1094 3195 De
1113 3144 1244 3211 We'tte):
1261 3145 1307 3196 aad

208 3235 335 3303 apostolus
355 3236 387 3286 de
410 3236 534 3302 praesenti
559 3237 628 3287 vitae
651 3236 775 3288 terrestris
797 3245 862 3287 statu
886 3235 998 3305 loquitur
1015 3234 1085 3300 (vide
1108 3237 1225 3291 Neand.
1247 3238 1265 3291 l.
1284 3256 1307 3294 c.

208 3345 265 3397 pag.
285 3331 344 3391 757,
363 3340 398 3381 nt.
418 3329 461 3396 t),
480 3330 575 3383 etiamsi
593 3328 653 3380 illud
670 3335 727 3384 ccvi
744 3324 870 3397 pulticula
888 3332 1033 3383 conclusiva
1051 3332 1096 3394 ait,
1132 3349 1182 3384 non
1206 3343 1306 3400 tempo-
1370 3336 1374 3345 '

209 3422 275 3473 ralia.
313 3423 375 3472 Nam
394 3424 495 3490 proprie
513 3423 594 3474 aelam
612 3425 739 3476 caritatem
757 3440 881 3494 nunquam
900 3441 1014 3486 cessare,
1037 3426 1084 3475 iarn
1103 3441 1157 3477 vau.
1175 3423 1194 3476 8
1210 3426 1307 3478 dixerat

206 3506 232 3591 (ἦ
257 3506 348 3592 dydar'p‘
362 3508 495 3571 'niteam
519 3518 655 3584 tartara„
694 3533 772 3587 quare
797 3519 876 3570 etiams
896 3516 963 3585 quod
987 3518 1078 3569 caritas
1102 3511 1184 3571 maini·
1203 3520 1307 3590 reliquie

199 3607 304 3662 ‘duabus‘
320 3617 441 3688 vocatur,
452 3611 570 3678 inprimis
586 3613 758 3664 aeternitatem
775 3612 830 3664 eine
848 3613 973 3679 respicere
990 3611 1106 3664 arbitror.
1123 3644 1125 3650 ,
1190 3638 1193 3647 =

281 3731 301 3792 ¹)
319 3727 447 3792 nonna,
473 3729 490 3781 l.
509 3747 530 3782 c.
548 3747 606 3799 pag.
625 3729 702 3781 ⁷49:
726 3729 812 3784 „Ater
828 3731 893 3782 ehen
910 3723 1011 3782 hieraut
1029 3730 1129 3800 ergiebt
1150 3730 1203 3785 tich
1229 3726 1306 3797 atich,

199 3808 262 3875 tia
275 3822 324 3874 Idae
346 3821 489 3875 christliche
507 3823 591 3877 Leben
610 3825 676 3877 ohne
694 3827 749 3879 eine
769 3824 915 3892 Beziehung
929 3824 1030 3876 auldie
1048 3824 1159 3877 Zuhunlt
1174 3841 1221 3894 gar
1238 3826 1307 3882 nicht

187 3917 317 3993 'gedacht
339 3917 445 3970 werden
465 3919 561 3982 hann“;
577 3927 578 3931 ’
593 3920 654 3971 ibid.
679 3929 731 3970 not.
749 3919 766 3968 4
783 3936 790 3969 t
810 3919 885 3970 ahian
909 3918 973 3970 mula
992 3917 1057 3970 dieta
1081 3918 1304 3983 wohlbcaehteh,

144 4035 147 4039 ·
207 4027 249 4064 um
267 4011 307 4063 die
326 4012 469 4080 Beziehung
493 4012 538 4065 dea
557 4011 678 4064 Dieaaeita
702 4028 758 4063 aum
780 4011 891 4065 {lenaeita
915 4014 948 4064 im
967 4011 1125 4064 christlichen
1144 4013 1220 4066 Sinna
1236 4015 1306 4067 recht

177 4131 180 4142 π
198 4122 242 4159 :nn
256 4107 398 4169 veraciter,
415 4106 465 4158 und
481 4106 533 4160 sich
551 4106 619 4158 nieht
636 4105 714 4159 durch
724 4107 781 4159 aine
795 4106 994 4175 pantheiatieche
1007 4104 1305 4176 Selbstvergdtterunga-
1347 4115 1351 4123 “

199 4198 276 4253 lehre
293 4201 412 4254 tiiuaehen
430 4218 460 4252 zu
480 4201 572 4263 lacten,
591 4199 690 4253 welche
700 4202 733 4257 ,in
746 4200 901 4269 paulinische
911 4200 960 4252 und
969 4199 1306 4266 johanneiachehmdritcke

198 4289 346 4360 'hetondett
364 4296 437 4348 einen
456 4294 595 4348 denselben
612 4293 873 4364 iremdartigendinn
891 4294 1052 4362 hineiulegt.«
1072 4315 1075 4319 ·
1146 4334 1159 4358 ἶ,
