2782 4724
184 340 214 390 ,e
563 294 568 305 ’
676 304 718 368 ³²
769 317 779 326 ‘

605 393 808 410 3——

162 514 230 576 s'ua·
255 508 391 596 epistola
415 508 498 575 hane
530 530 621 595 spem
651 508 881 595 prophetarum
903 518 1069 600 comparat
1090 532 1163 574 cum
1187 533 1264 575 con·

161 626 281 692 ditione
302 625 484 713 aequalium
505 647 636 691 suorum
657 624 872 704 credentium,
895 625 951 712 qui
972 647 1031 713 per
1053 626 1262 713 evangelium

161 743 349 830 participes·
362 743 438 808 facti
461 749 535 808 sunt
555 743 689 830 gratiae,
710 766 807 831 qnam
827 742 874 807 illi
888 752 1172 830 exspectaverant,
1198 766 1265 830 qua

162 858 400 946 comparatione
422 858 572 941 ostendit,
595 869 796 947 quantopere
815 851 1140 926 hic'Christianorum
1154 869 1263 926 stntns

161 985 193 1041 et
219 976 389 1041 securitate
419 985 451 1041 et
477 975 675 1060 beatitudine
704 975 842 1042 excedat
868 976 957 1041 illam
988 976 1116 1063 piorum
1137 977 1263 1043 veteris

159 1091 299 1157 foederis
321 1072 539 1156 conditionem
562 1090 593 1176 (I
614 1091 702 1173 Petr.
727 1098 753 1174 l,
772 1093 917 1178 10-12).
992 1108 996 1113 “

90 1296 94 1303 ⁵
242 1207 390 1276 Christus
411 1208 512 1296 igitur
533 1217 582 1273 est
601 1207 689 1289 finis,
722 1208 763 1273 ad
791 1231 888 1296 quem
915 1231 974 1295 per
1001 1209 1190 1274 universum
1206 1210 1259 1278 -V.

158 1327 197 1392 Τ.
213 1328 308 1392 simul
322 1325 459 1391 tendunt
481 1334 514 1389 et
534 1324 763 1410 promissiones
787 1324 916 1390 divinae
939 1335 971 1390 et
996 1325 1261 1418 exspectationes

158 1443 300 1509 filiorum
326 1442 504 1508 Abrahami
534 1442 608 1508 inde
637 1451 726 1507 ortae
755 1465 792 1506 ac
819 1443 994 1528 profectae.
1038 1440 1149 1522 Quare
1170 1442 1259 1532 Eph.

162 1564 237 1643 l‚12
251 1559 371 1625 Paulus
393 1559 531 1625 Iudaeos
553 1559 603 1624 sui
624 1559 707 1642 aevi,
729 1558 786 1647 qui
808 1559 849 1624 nd
870 1560 1009 1646 gratiam
1029 1560 1063 1624 in
1085 1561 1259 1646 evangelie

146 1675 279 1743 Christi
308 1676 485 1742 exhibitam
513 1685 732 1762 pervenerunt
760 1685 792 1741 ot
823 1676 941 1764 quibus
969 1699 1004 1741 se
1031 1677 1137 1764 ipsum
1158 1676 1259 1760 adnn-

156 1802 274 1875 merat,
307 1803 409 1858 uocat
437 1817 444 1857 ε
475 1784 553 1867 τούς
581 1787 829 1878 προηλπικότας
857 1789 890 1858 ἐν
915 1793 965 1876 τῷ
994 1791 1147 1879 Χριστῷ,
1181 1795 1203 1859 i.
1228 1818 1257 1861 e.

87 1969 90 1974 .
156 1910 254 1994 tales,
288 1910 345 1998 qui
373 1920 546 1998 antequam
576 1910 646 1996 ipse
673 1909 707 1974 in
734 1909 853 1974 mundo
884 1919 1072 1996 appareret,
1106 1933 1198 1997 spem
1225 1919 1258 1982 et

157 2025 308 2092 fiduciam
343 2050 435 2093 suam
472 2027 506 2093 in
540 2025 668 2094 Christo
708 2026 866 2113 promisso
905 2050 924 2091 a
955 2027 1028 2092 Deo
1064 2039 1255 2113 posuerunt
1285 2090 1296 2111 ,

154 2143 290 2211 Frustra
311 2145 397 2210 enim
417 2145 476 2210 De
497 2144 637 2211 Wette
657 2144 699 2209 ad
719 2144 750 2209 h.
773 2144 809 2227 l.,
832 2144 910 2209 item
931 2144 1072 2228 Reos,
1095 2144 1256 2241 Helela,

156 2259 298 2327 Metth.
322 2262 461 2348 probare
482 2261 621 2343 student,
644 2261 779 2326 verbum
799 2259 1018 2347 προελπίζειν
1036 2261 1067 2326 h.
1089 2262 1110 2326 l.
1134 2261 1174 2327 de
1196 2285 1257 2352 spe

156 2378 283 2443 futurae
316 2378 440 2463 gloriae
476 2378 605 2444 divinae
637 2379 672 2442 in
700 2378 831 2465 perusia
867 2377 989 2445 Christi
1017 2378 1257 2446 manifestanda

153 2501 347 2579 usurpatum
369 2493 541 2580 designare
563 2503 654 2579 spem
666 2492 923 2561 Christianorum
943 2496 977 2560 in
998 2478 1196 2579 universum,
1220 2479 1254 2562 el

138 2633 283 2694 eorum,
323 2611 379 2699 qui
398 2633 440 2676 ex
459 2609 623 2676 Iudaismo
647 2611 688 2677 ad
707 2611 804 2676 fidem
826 2612 1082 2700 amplectendam
1101 2615 1253 2678 accessis·

155 2736 246 2809 sent,
277 2736 310 2792 et
335 2727 505 2824 gentilium
532 2748 770 2792 conversorum.
820 2728 893 2794 Etsi
919 2728 1004 2794 enim
1032 2707 1253 2816 προελπίζὲιν

154 2843 253 2910 nolim
267 2843 313 2910 ita
326 2844 533 2931 interpretari
550 2868 624 2910 cum
639 2845 775 2933 Beng,
790 2846 922 2930 Elatt,
938 2846 987 2913 Ol
997 2847 1063 2930 sh.,
1085 2857 1121 2912 ut
1135 2869 1251 2914 sensns
1268 2902 1272 2909 .

152 2961 276 3039 oriatur
297 2985 305 3025 :
326 2961 435 3049 ,prius
457 2984 605 3051 sperasse
626 2963 765 3029 Iudaeos
791 2964 826 3029 in
849 2962 1028 3047 Christum,
1060 2988 1153 3051 quom
1176 2989 1267 3050 penev

153 3078 253 3163 πω,
275 3079 329 3145 vel
351 3079 448 3144 etiam
470 3103 589 3168 ,quam
609 3081 748 3168 gentiles
769 3081 810 3146 ad
831 3081 978 3145 notitiam
992 3082 1078 3147 illius
1094 3081 1164 3168 spei
1178 3103 1252 3169 per÷

152 3196 336 3278 venissent“
354 3195 415 3282 (sic
428 3197 771 3283 Harless.):tamen
791 3207 875 3286 part.
897 3199 977 3287 ploti
998 3186 1251 3286 προηλπικότας

152 3293 230 3377 setis
252 3303 424 3400 perspicue
444 3312 566 3379 indicat
584 3314 639 3400 agi
659 3314 690 3379 h.
713 3315 734 3379 l.
757 3315 798 3380 de
820 3338 855 3380 re
877 3315 918 3382 ad
940 3317 1149 3403 praeteritum
1169 3328 1249 3385 tem·

151 3450 213 3515 pus
233 3430 427 3516 pertinente.
470 3430 557 3496 Nam
579 3431 606 3496 si
628 3431 667 3496 de
689 3453 723 3496 re
745 3432 854 3498 futura
875 3456 979 3497 sermo
1001 3442 1086 3498 esset
1100 3435 1134 3500 in
1149 3457 1248 3502 versu

150 3555 277 3630 nostro,
313 3545 344 3613 h.
376 3570 403 3613 e.
433 3547 461 3614 si
488 3548 569 3613 illud
601 3539 686 3614 εἶναι
699 3545 760 3626 4εἰς
790 3544 926 3616 ἔπαινον
952 3539 1051 3636 δόξης
1076 3542 1180 3616 αὐτοῦ
1206 3552 1248 3619 de

150 3663 259 3729 futura
291 3663 394 3729 solum
420 3665 653 3751 glorificatione
674 3665 739 3731 Dei
760 3665 795 3731 in
821 3668 953 3753 perusia
983 3668 1105 3737 Christi
1132 3692 1247 3758 exspe-

151 3779 269 3847 ctando
293 3780 541 3869 intelligendum
568 3791 670 3864 esset,
704 3783 762 3847 vix
791 3784 897 3849 credo‘
912 3788 1100 3874 ‘apostolum
1122 3797 1190 3855 tum
1212 3811 1247 3854 se
1295 3796 1298 3807 ,

151 3889 342 3986 ceterosque
364 3898 575 3981 Christianos,
599 3899 655 3986 qui
676 3899 717 3965 ad
737 3900 819 3966 hanc
840 3903 1249 3991 glorificationem‘augen·

150 4014 225 4085 dam
255 4012 402 4086 collaturi
424 4015 502 4098 sint,
535 4038 667 4082 vocasse
699 4011 973 4105 προρλπικόταςς
1008 4023 1109 4087 multo
1137 4024 1249 4111 potius

147 4132 365 4199 uerisimilius.
389 4141 438 4195 est
472 4140 541 4197 turn
565 4145 769 4220 praesentem
794 4128 915 4203 statnm
942 4138 1011 4224 spei
1040 4137 1245 4206 Christianae

150 4270 223 4313 eum
246 4248 485 4335 descripturum
505 4249 615 4336 fuisse,
638 4252 725 4341 qnod
746 4253 877 4351 quidem
890 4254 1072 4337 laciendum
1086 4257 1117 4323 ei
1130 4256 1250 4332 fnisset·
