<?xml version="1.0" encoding="UTF-8"?>
<!DOCTYPE html PUBLIC "-//W3C//DTD XHTML 1.0 Transitional//EN"
    "http://www.w3.org/TR/xhtml1/DTD/xhtml1-transitional.dtd">
<html xmlns="http://www.w3.org/1999/xhtml" xml:lang="en" lang="en">
 <head>
  <title>
</title>
<meta http-equiv="Content-Type" content="text/html;charset=utf-8" />
  <meta name='ocr-system' content='tesseract 3.04.00' />
  <meta name='ocr-capabilities' content='ocr_page ocr_carea ocr_par ocr_line ocrx_word'/>
</head>
<body>
  <div class='ocr_page' id='page_1' title='image "./deviacnotionevo00zcgoog_0044.png"; bbox 0 0 2782 4724; ppageno 0'>
   <div class='ocr_carea' id='block_1_1' title="bbox 586 290 1268 421">
    <p class='ocr_par' dir='ltr' id='par_1_1' title="bbox 586 290 1268 421">
     <span class='ocr_line' id='line_1_1' title="bbox 586 290 1268 421; baseline -0.007 4"><span class='ocrx_word' id='word_1_1' title='bbox 586 336 626 397; x_wconf 83' lang='grc'><strong>33</strong></span> <span class='ocrx_word' id='word_1_2' title='bbox 947 392 954 398; x_wconf 94' lang='grc'>-</span> <span class='ocrx_word' id='word_1_3' title='bbox 1108 290 1268 421; x_wconf 29' lang='lat' dir='ltr'><strong>ow·</strong></span> 
     </span>
    </p>
   </div>
   <div class='ocr_carea' id='block_1_2' title="bbox 10 533 1181 3789">
    <p class='ocr_par' dir='ltr' id='par_1_2' title="bbox 10 533 1181 3789">
     <span class='ocr_line' id='line_1_2' title="bbox 49 533 1155 633; baseline -0.006 -23"><span class='ocrx_word' id='word_1_4' title='bbox 49 567 112 633; x_wconf 90' lang='lat' dir='ltr'><strong>per</strong></span> <span class='ocrx_word' id='word_1_5' title='bbox 142 549 227 629; x_wconf 83' lang='lat' dir='ltr'><strong>part.</strong></span> <span class='ocrx_word' id='word_1_6' title='bbox 255 561 362 627; x_wconf 87' lang='lat' dir='ltr'><strong>praes.</strong></span> <span class='ocrx_word' id='word_1_7' title='bbox 392 533 674 624; x_wconf 79' lang='grc' dir='ltr'><strong><em>προιλπλζοιτας,</em></strong></span> <span class='ocrx_word' id='word_1_8' title='bbox 710 537 763 601; x_wconf 81' lang='lat' dir='ltr'><strong>vel</strong></span> <span class='ocrx_word' id='word_1_9' title='bbox 794 536 913 600; x_wconf 90' lang='lat' dir='ltr'><strong>rectius</strong></span> <span class='ocrx_word' id='word_1_10' title='bbox 944 558 1005 623; x_wconf 90' lang='lat' dir='ltr'><strong>per</strong></span> <span class='ocrx_word' id='word_1_11' title='bbox 1031 560 1155 603; x_wconf 89' lang='lat' dir='ltr'><strong>merum</strong></span> 
     </span>
     <span class='ocr_line' id='line_1_3' title="bbox 51 652 1155 738; baseline -0.005 -12"><span class='ocrx_word' id='word_1_12' title='bbox 51 656 263 738; x_wconf 73' lang='grc' dir='ltr'><strong><em>ἐλπίζοντας.</em></strong></span> <span class='ocrx_word' id='word_1_13' title='bbox 306 653 403 736; x_wconf 87' lang='lat' dir='ltr'><strong>Quod</strong></span> <span class='ocrx_word' id='word_1_14' title='bbox 430 654 517 721; x_wconf 89' lang='lat' dir='ltr'><strong>enim</strong></span> <span class='ocrx_word' id='word_1_15' title='bbox 544 654 682 720; x_wconf 90' lang='lat' dir='ltr'><strong>alterum</strong></span> <span class='ocrx_word' id='word_1_16' title='bbox 710 652 844 718; x_wconf 87' lang='lat' dir='ltr'><strong>affertur</strong></span> <span class='ocrx_word' id='word_1_17' title='bbox 865 663 1093 738; x_wconf 75' lang='lat' dir='ltr'><strong>argumentum</strong></span> <span class='ocrx_word' id='word_1_18' title='bbox 1114 654 1155 721; x_wconf 84' lang='lat' dir='ltr'><strong>ad</strong></span> 
     </span>
     <span class='ocr_line' id='line_1_4' title="bbox 53 749 1155 857; baseline -0.006 -15"><span class='ocrx_word' id='word_1_19' title='bbox 53 784 200 843; x_wconf 86' lang='lat' dir='ltr'><strong>nostram</strong></span> <span class='ocrx_word' id='word_1_20' title='bbox 230 771 422 839; x_wconf 89' lang='lat' dir='ltr'><strong>sententiam</strong></span> <span class='ocrx_word' id='word_1_21' title='bbox 452 769 678 852; x_wconf 81' lang='lat' dir='ltr'><strong>refellendam,</strong></span> <span class='ocrx_word' id='word_1_22' title='bbox 719 767 991 857; x_wconf 79' lang='lat' dir='ltr'><strong>praepositionem</strong></span> <span class='ocrx_word' id='word_1_23' title='bbox 1021 749 1090 857; x_wconf 76' lang='grc' dir='ltr'><strong>προ</strong></span> <span class='ocrx_word' id='word_1_24' title='bbox 1121 771 1155 836; x_wconf 90' lang='lat' dir='ltr'><strong>in</strong></span> 
     </span>
     <span class='ocr_line' id='line_1_5' title="bbox 55 884 1156 976; baseline -0.005 -20"><span class='ocrx_word' id='word_1_25' title='bbox 55 890 157 957; x_wconf 89' lang='lat' dir='ltr'><strong>verbo</strong></span> <span class='ocrx_word' id='word_1_26' title='bbox 186 887 364 976; x_wconf 82' lang='lat' dir='ltr'><strong>composito</strong></span> <span class='ocrx_word' id='word_1_27' title='bbox 390 910 456 953; x_wconf 92' lang='lat' dir='ltr'><strong>non</strong></span> <span class='ocrx_word' id='word_1_28' title='bbox 483 885 625 952; x_wconf 88' lang='lat' dir='ltr'><strong>indicare</strong></span> <span class='ocrx_word' id='word_1_29' title='bbox 653 908 722 950; x_wconf 91' lang='lat' dir='ltr'><strong>rem</strong></span> <span class='ocrx_word' id='word_1_30' title='bbox 751 884 792 950; x_wconf 89' lang='lat' dir='ltr'><strong>ad</strong></span> <span class='ocrx_word' id='word_1_31' title='bbox 817 893 911 950; x_wconf 88' lang='lat' dir='ltr'><strong>vetus</strong></span> <span class='ocrx_word' id='word_1_32' title='bbox 932 884 971 949; x_wconf 83' lang='lat' dir='ltr'><strong>T.</strong></span> <span class='ocrx_word' id='word_1_33' title='bbox 994 885 1156 972; x_wconf 84' lang='lat' dir='ltr'><strong>pertinen-</strong></span> 
     </span>
     <span class='ocr_line' id='line_1_6' title="bbox 55 998 1157 1091; baseline -0.005 -19"><span class='ocrx_word' id='word_1_34' title='bbox 55 1017 122 1073; x_wconf 90' lang='lat' dir='ltr'><strong>tem</strong></span> <span class='ocrx_word' id='word_1_35' title='bbox 136 1006 177 1091; x_wconf 63' lang='lat' dir='ltr'><strong>l),</strong></span> <span class='ocrx_word' id='word_1_36' title='bbox 198 1004 392 1072; x_wconf 84' lang='lat' dir='ltr'><strong>futilissimis</strong></span> <span class='ocrx_word' id='word_1_37' title='bbox 412 1002 629 1068; x_wconf 76' lang='lat' dir='ltr'><strong>fundamentis</strong></span> <span class='ocrx_word' id='word_1_38' title='bbox 645 1001 768 1067; x_wconf 87' lang='lat' dir='ltr'><strong>nititur.</strong></span> <span class='ocrx_word' id='word_1_39' title='bbox 813 998 902 1081; x_wconf 87' lang='lat' dir='ltr'><strong>Quin</strong></span> <span class='ocrx_word' id='word_1_40' title='bbox 924 1000 1021 1066; x_wconf 91' lang='lat' dir='ltr'><strong>etiam</strong></span> <span class='ocrx_word' id='word_1_41' title='bbox 1043 1010 1157 1066; x_wconf 85' lang='lat' dir='ltr'><strong>contra</strong></span> 
     </span>
     <span class='ocr_line' id='line_1_7' title="bbox 55 1117 1159 1205; baseline -0.005 -16"><span class='ocrx_word' id='word_1_42' title='bbox 55 1123 160 1190; x_wconf 89' lang='lat' dir='ltr'><strong>totius</strong></span> <span class='ocrx_word' id='word_1_43' title='bbox 181 1121 225 1188; x_wconf 87' lang='lat' dir='ltr'><strong>N.</strong></span> <span class='ocrx_word' id='word_1_44' title='bbox 248 1121 300 1188; x_wconf 77' lang='lat' dir='ltr'><strong>Ti.</strong></span> <span class='ocrx_word' id='word_1_45' title='bbox 325 1120 480 1187; x_wconf 87' lang='lat' dir='ltr'><strong>sermonis</strong></span> <span class='ocrx_word' id='word_1_46' title='bbox 509 1142 603 1185; x_wconf 91' lang='lat' dir='ltr'><strong>usum</strong></span> <span class='ocrx_word' id='word_1_47' title='bbox 623 1119 720 1201; x_wconf 87' lang='lat' dir='ltr'><strong>foret,</strong></span> <span class='ocrx_word' id='word_1_48' title='bbox 750 1117 778 1183; x_wconf 91' lang='lat' dir='ltr'><strong>si</strong></span> <span class='ocrx_word' id='word_1_49' title='bbox 799 1117 830 1183; x_wconf 92' lang='lat' dir='ltr'><strong>h.</strong></span> <span class='ocrx_word' id='word_1_50' title='bbox 852 1118 874 1183; x_wconf 92' lang='lat' dir='ltr'><strong>l.</strong></span> <span class='ocrx_word' id='word_1_51' title='bbox 905 1117 1159 1205; x_wconf 80' lang='lat' dir='ltr'><strong>spernchristia-</strong></span> 
     </span>
     <span class='ocr_line' id='line_1_8' title="bbox 57 1234 1159 1326; baseline -0.005 -20"><span class='ocrx_word' id='word_1_52' title='bbox 57 1263 146 1322; x_wconf 85' lang='lat' dir='ltr'><strong>nam,</strong></span> <span class='ocrx_word' id='word_1_53' title='bbox 167 1239 190 1305; x_wconf 82' lang='lat' dir='ltr'><strong>i.</strong></span> <span class='ocrx_word' id='word_1_54' title='bbox 211 1262 238 1305; x_wconf 91' lang='lat' dir='ltr'><strong>e.</strong></span> <span class='ocrx_word' id='word_1_55' title='bbox 262 1261 354 1326; x_wconf 90' lang='lat' dir='ltr'><strong>spem</strong></span> <span class='ocrx_word' id='word_1_56' title='bbox 378 1237 481 1303; x_wconf 86' lang='lat' dir='ltr'><strong>futuri</strong></span> <span class='ocrx_word' id='word_1_57' title='bbox 502 1236 626 1301; x_wconf 88' lang='lat' dir='ltr'><strong>reditus</strong></span> <span class='ocrx_word' id='word_1_58' title='bbox 649 1234 770 1303; x_wconf 82' lang='lat' dir='ltr'><strong>Christi</strong></span> <span class='ocrx_word' id='word_1_59' title='bbox 791 1234 824 1300; x_wconf 92' lang='lat' dir='ltr'><strong>in</strong></span> <span class='ocrx_word' id='word_1_60' title='bbox 846 1234 951 1321; x_wconf 87' lang='lat' dir='ltr'><strong>gloria</strong></span> <span class='ocrx_word' id='word_1_61' title='bbox 972 1258 1044 1318; x_wconf 81' lang='lat' dir='ltr'><strong>sua,</strong></span> <span class='ocrx_word' id='word_1_62' title='bbox 1067 1257 1159 1301; x_wconf 90' lang='lat' dir='ltr'><strong>secus</strong></span> 
     </span>
     <span class='ocr_line' id='line_1_9' title="bbox 60 1348 1157 1441; baseline -0.003 -20"><span class='ocrx_word' id='word_1_63' title='bbox 60 1379 101 1421; x_wconf 88' lang='lat' dir='ltr'><strong>ac</strong></span> <span class='ocrx_word' id='word_1_64' title='bbox 132 1354 273 1441; x_wconf 82' lang='lat' dir='ltr'><strong>simplici.</strong></span> <span class='ocrx_word' id='word_1_65' title='bbox 294 1353 394 1420; x_wconf 84' lang='lat' dir='ltr'><strong>verbo</strong></span> <span class='ocrx_word' id='word_1_66' title='bbox 420 1348 572 1431; x_wconf 77' lang='grc' dir='ltr'><strong><em>ἐλπίζειν</em></strong></span> <span class='ocrx_word' id='word_1_67' title='bbox 601 1351 802 1438; x_wconf 87' lang='lat' dir='ltr'><strong>designatam</strong></span> <span class='ocrx_word' id='word_1_68' title='bbox 830 1352 1035 1419; x_wconf 87' lang='lat' dir='ltr'><strong>statuendum</strong></span> <span class='ocrx_word' id='word_1_69' title='bbox 1061 1361 1157 1418; x_wconf 89' lang='lat' dir='ltr'><strong>esset.</strong></span> 
     </span>
     <span class='ocr_line' id='line_1_10' title="bbox 61 1465 1159 1561; baseline -0.005 -21"><span class='ocrx_word' id='word_1_70' title='bbox 61 1471 171 1541; x_wconf 85' lang='lat' dir='ltr'><strong>Immo-</strong></span> <span class='ocrx_word' id='word_1_71' title='bbox 193 1493 270 1538; x_wconf 87' lang='lat' dir='ltr'><strong>vero</strong></span> <span class='ocrx_word' id='word_1_72' title='bbox 302 1471 385 1536; x_wconf 89' lang='lat' dir='ltr'><strong>sicut</strong></span> <span class='ocrx_word' id='word_1_73' title='bbox 415 1465 761 1557; x_wconf 74' lang='grc' dir='ltr'><strong><em>προευαγγελίζεσθαι</em></strong></span> <span class='ocrx_word' id='word_1_74' title='bbox 788 1467 862 1535; x_wconf 84' lang='lat' dir='ltr'><strong>Gal.</strong></span> <span class='ocrx_word' id='word_1_75' title='bbox 893 1472 977 1561; x_wconf 30' lang='lat'><strong>358</strong></span> <span class='ocrx_word' id='word_1_76' title='bbox 1008 1469 1159 1556; x_wconf 82' lang='lat' dir='ltr'><strong>designat</strong></span> 
     </span>
     <span class='ocr_line' id='line_1_11' title="bbox 59 1585 1181 1679; baseline -0.001 -25"><span class='ocrx_word' id='word_1_77' title='bbox 59 1587 212 1655; x_wconf 89' lang='lat' dir='ltr'><strong>nuntium</strong></span> <span class='ocrx_word' id='word_1_78' title='bbox 244 1585 470 1673; x_wconf 86' lang='lat' dir='ltr'><strong>evangelicum</strong></span> <span class='ocrx_word' id='word_1_79' title='bbox 498 1585 611 1652; x_wconf 90' lang='lat' dir='ltr'><strong>aDeo</strong></span> <span class='ocrx_word' id='word_1_80' title='bbox 634 1585 799 1669; x_wconf 90' lang='lat' dir='ltr'><strong>emissum,</strong></span> <span class='ocrx_word' id='word_1_81' title='bbox 830 1595 905 1652; x_wconf 87' lang='lat' dir='ltr'><strong>ante</strong></span> <span class='ocrx_word' id='word_1_82' title='bbox 928 1610 1025 1675; x_wconf 88' lang='lat' dir='ltr'><strong>quam</strong></span> <span class='ocrx_word' id='word_1_83' title='bbox 1052 1587 1181 1679; x_wconf 84' lang='lat' dir='ltr'><strong>ipsum·</strong></span> 
     </span>
     <span class='ocr_line' id='line_1_12' title="bbox 59 1690 1160 1800; baseline -0.005 -28"><span class='ocrx_word' id='word_1_84' title='bbox 59 1705 104 1772; x_wconf 86' lang='lat' dir='ltr'><strong>N.</strong></span> <span class='ocrx_word' id='word_1_85' title='bbox 134 1703 186 1769; x_wconf 83' lang='lat' dir='ltr'><strong>Ti.</strong></span> <span class='ocrx_word' id='word_1_86' title='bbox 208 1702 415 1794; x_wconf 82' lang='lat' dir='ltr'><strong>evangelium</strong></span> <span class='ocrx_word' id='word_1_87' title='bbox 444 1702 573 1768; x_wconf 82' lang='lat' dir='ltr'><strong>adesset</strong></span> <span class='ocrx_word' id='word_1_88' title='bbox 588 1690 627 1789; x_wconf 62' lang='lat' dir='ltr'><strong>l),</strong></span> <span class='ocrx_word' id='word_1_89' title='bbox 662 1701 709 1767; x_wconf 89' lang='lat' dir='ltr'><strong>ita</strong></span> <span class='ocrx_word' id='word_1_90' title='bbox 735 1703 913 1789; x_wconf 92' lang='lat' dir='ltr'><strong>composito</strong></span> <span class='ocrx_word' id='word_1_91' title='bbox 941 1701 1160 1800; x_wconf 74' lang='grc' dir='ltr'><strong><em>προιλπίζειι</em></strong></span> 
     </span>
     <span class='ocr_line' id='line_1_13' title="bbox 61 1796 1161 1913; baseline 0 -26"><span class='ocrx_word' id='word_1_92' title='bbox 61 1796 267 1913; x_wconf 82' lang='lat' dir='ltr'><strong>significatur</strong></span> <span class='ocrx_word' id='word_1_93' title='bbox 287 1842 372 1909; x_wconf 84' lang='lat' dir='ltr'><strong>spes,</strong></span> <span class='ocrx_word' id='word_1_94' title='bbox 394 1842 477 1908; x_wconf 87' lang='lat' dir='ltr'><strong>quae</strong></span> <span class='ocrx_word' id='word_1_95' title='bbox 500 1819 673 1886; x_wconf 78' lang='lat' dir='ltr'><strong>antecessit</strong></span> <span class='ocrx_word' id='word_1_96' title='bbox 692 1819 796 1907; x_wconf 89' lang='lat' dir='ltr'><strong>ipsam</strong></span> <span class='ocrx_word' id='word_1_97' title='bbox 818 1841 910 1907; x_wconf 91' lang='lat' dir='ltr'><strong>spem</strong></span> <span class='ocrx_word' id='word_1_98' title='bbox 931 1841 1041 1885; x_wconf 86' lang='lat' dir='ltr'><strong>veram</strong></span> <span class='ocrx_word' id='word_1_99' title='bbox 1062 1829 1161 1911; x_wconf 83' lang='lat' dir='ltr'><strong>atque</strong></span> 
     </span>
     <span class='ocr_line' id='line_1_14' title="bbox 59 1929 1162 2025; baseline -0.002 -20"><span class='ocrx_word' id='word_1_100' title='bbox 59 1945 245 2005; x_wconf 86' lang='lat' dir='ltr'><strong>manentem</strong></span> <span class='ocrx_word' id='word_1_101' title='bbox 272 1938 306 2003; x_wconf 93' lang='lat' dir='ltr'><strong>in</strong></span> <span class='ocrx_word' id='word_1_102' title='bbox 338 1929 504 2004; x_wconf 80' lang='lat' dir='ltr'><strong>aeternum</strong></span> <span class='ocrx_word' id='word_1_103' title='bbox 535 1938 552 2003; x_wconf 96' lang='lat' dir='ltr'>I</span> <span class='ocrx_word' id='word_1_104' title='bbox 581 1935 656 2005; x_wconf 84' lang='lat' dir='ltr'><strong>Gor.</strong></span> <span class='ocrx_word' id='word_1_105' title='bbox 687 1942 739 2020; x_wconf 85' lang='grc'><strong>13,</strong></span> <span class='ocrx_word' id='word_1_106' title='bbox 770 1943 817 2002; x_wconf 89' lang='lat'><strong>13.</strong></span> <span class='ocrx_word' id='word_1_107' title='bbox 845 1971 887 1984; x_wconf 89' lang='lat'><em>-</em></span> <span class='ocrx_word' id='word_1_108' title='bbox 918 1937 1047 2004; x_wconf 83' lang='lat' dir='ltr'><strong>Deinde</strong></span> <span class='ocrx_word' id='word_1_109' title='bbox 1073 1936 1162 2025; x_wconf 89' lang='lat' dir='ltr'><strong>quod</strong></span> 
     </span>
     <span class='ocr_line' id='line_1_15' title="bbox 62 2027 1162 2143; baseline 0.003 -24"><span class='ocrx_word' id='word_1_110' title='bbox 62 2027 216 2143; x_wconf 78' lang='lat' dir='ltr'><strong>opinatur</strong></span> <span class='ocrx_word' id='word_1_111' title='bbox 235 2028 379 2137; x_wconf 75' lang='lat' dir='ltr'><strong>De&#39;W„</strong></span> <span class='ocrx_word' id='word_1_112' title='bbox 399 2054 426 2119; x_wconf 88' lang='lat' dir='ltr'><strong>si</strong></span> <span class='ocrx_word' id='word_1_113' title='bbox 449 2054 532 2119; x_wconf 85' lang='lat' dir='ltr'><strong>hanc</strong></span> <span class='ocrx_word' id='word_1_114' title='bbox 554 2076 645 2140; x_wconf 89' lang='lat' dir='ltr'><strong>spem</strong></span> <span class='ocrx_word' id='word_1_115' title='bbox 665 2053 706 2119; x_wconf 86' lang='lat' dir='ltr'><strong>V.</strong></span> <span class='ocrx_word' id='word_1_116' title='bbox 729 2053 780 2118; x_wconf 80' lang='lat' dir='ltr'><strong>Ti.</strong></span> <span class='ocrx_word' id='word_1_117' title='bbox 802 2053 985 2140; x_wconf 87' lang='lat' dir='ltr'><strong>significare</strong></span> <span class='ocrx_word' id='word_1_118' title='bbox 1004 2056 1162 2122; x_wconf 85' lang='lat' dir='ltr'><strong>voluisset</strong></span> 
     </span>
     <span class='ocr_line' id='line_1_16' title="bbox 67 2159 1164 2260; baseline -0.002 -22"><span class='ocrx_word' id='word_1_119' title='bbox 67 2172 250 2260; x_wconf 85' lang='lat' dir='ltr'><strong>apostolus,</strong></span> <span class='ocrx_word' id='word_1_120' title='bbox 279 2180 349 2236; x_wconf 90' lang='lat' dir='ltr'><strong>tum</strong></span> <span class='ocrx_word' id='word_1_121' title='bbox 370 2172 401 2238; x_wconf 93' lang='lat' dir='ltr'><strong>ei</strong></span> <span class='ocrx_word' id='word_1_122' title='bbox 422 2170 626 2237; x_wconf 82' lang='lat' dir='ltr'><strong>scribendum</strong></span> <span class='ocrx_word' id='word_1_123' title='bbox 646 2170 746 2236; x_wconf 82' lang='lat' dir='ltr'><strong>fuisse</strong></span> <span class='ocrx_word' id='word_1_124' title='bbox 774 2164 836 2248; x_wconf 81' lang='grc' dir='ltr'><strong>εἷς</strong></span> <span class='ocrx_word' id='word_1_125' title='bbox 863 2159 1019 2259; x_wconf 83' lang='grc' dir='ltr'><strong><em>Χριστόν,</em></strong></span> <span class='ocrx_word' id='word_1_126' title='bbox 1045 2197 1111 2238; x_wconf 94' lang='lat' dir='ltr'><strong>non</strong></span> <span class='ocrx_word' id='word_1_127' title='bbox 1130 2163 1164 2238; x_wconf 80' lang='grc' dir='ltr'><strong>ἐι</strong></span> 
     </span>
     <span class='ocr_line' id='line_1_17' title="bbox 65 2288 1163 2377; baseline 0 -22"><span class='ocrx_word' id='word_1_128' title='bbox 65 2294 143 2375; x_wconf 70' lang='lat' dir='ltr'><strong>Xe„</strong></span> <span class='ocrx_word' id='word_1_129' title='bbox 173 2288 235 2354; x_wconf 90' lang='lat' dir='ltr'><strong>hoc</strong></span> <span class='ocrx_word' id='word_1_130' title='bbox 261 2289 351 2354; x_wconf 90' lang='lat' dir='ltr'><strong>nullo</strong></span> <span class='ocrx_word' id='word_1_131' title='bbox 379 2289 474 2354; x_wconf 90' lang='lat' dir='ltr'><strong>modo</strong></span> <span class='ocrx_word' id='word_1_132' title='bbox 501 2288 634 2376; x_wconf 86' lang='lat' dir='ltr'><strong>probari</strong></span> <span class='ocrx_word' id='word_1_133' title='bbox 660 2297 779 2376; x_wconf 82' lang='lat' dir='ltr'><strong>potest.</strong></span> <span class='ocrx_word' id='word_1_134' title='bbox 821 2288 958 2372; x_wconf 86' lang='lat' dir='ltr'><strong>Paulus,</strong></span> <span class='ocrx_word' id='word_1_135' title='bbox 986 2289 1042 2377; x_wconf 90' lang='lat' dir='ltr'><strong>qui</strong></span> <span class='ocrx_word' id='word_1_136' title='bbox 1064 2290 1163 2377; x_wconf 89' lang='lat' dir='ltr'><strong>paulo</strong></span> 
     </span>
     <span class='ocr_line' id='line_1_18' title="bbox 67 2382 1167 2493; baseline 0.002 -21"><span class='ocrx_word' id='word_1_137' title='bbox 67 2414 145 2472; x_wconf 84' lang='lat' dir='ltr'><strong>ante</strong></span> <span class='ocrx_word' id='word_1_138' title='bbox 179 2382 352 2493; x_wconf 75' lang='lat' dir='ltr'><strong>scripserat</strong></span> <span class='ocrx_word' id='word_1_139' title='bbox 382 2406 492 2471; x_wconf 92' lang='lat' dir='ltr'><strong>Deum</strong></span> <span class='ocrx_word' id='word_1_140' title='bbox 524 2406 662 2492; x_wconf 83' lang='lat' dir='ltr'><strong>elegisse</strong></span> <span class='ocrx_word' id='word_1_141' title='bbox 693 2429 752 2472; x_wconf 92' lang='lat' dir='ltr'><strong>nos</strong></span> <span class='ocrx_word' id='word_1_142' title='bbox 785 2411 816 2472; x_wconf 84' lang='grc' dir='ltr'><strong>ιἰι</strong></span> <span class='ocrx_word' id='word_1_143' title='bbox 848 2406 993 2492; x_wconf 84' lang='lat' dir='ltr'><strong>Christo,</strong></span> <span class='ocrx_word' id='word_1_144' title='bbox 1025 2430 1091 2474; x_wconf 90' lang='lat' dir='ltr'><strong>non</strong></span> <span class='ocrx_word' id='word_1_145' title='bbox 1120 2408 1167 2474; x_wconf 82' lang='lat' dir='ltr'><strong>ad</strong></span> 
     </span>
     <span class='ocr_line' id='line_1_19' title="bbox 67 2512 1165 2609; baseline -0.001 -19"><span class='ocrx_word' id='word_1_146' title='bbox 67 2512 233 2590; x_wconf 71' lang='lat' dir='ltr'><strong>Christum</strong></span> <span class='ocrx_word' id='word_1_147' title='bbox 261 2522 314 2588; x_wconf 80' lang='lat' dir='ltr'><strong>vel</strong></span> <span class='ocrx_word' id='word_1_148' title='bbox 341 2520 469 2589; x_wconf 82' lang='lat' dir='ltr'><strong>Christi·</strong></span> <span class='ocrx_word' id='word_1_149' title='bbox 491 2546 590 2594; x_wconf 87' lang='lat' dir='ltr'><strong>causa</strong></span> <span class='ocrx_word' id='word_1_150' title='bbox 619 2525 665 2609; x_wconf 80' lang='lat' dir='ltr'><strong>(v.</strong></span> <span class='ocrx_word' id='word_1_151' title='bbox 687 2529 724 2608; x_wconf 81' lang='lat'><strong>43</strong></span> <span class='ocrx_word' id='word_1_152' title='bbox 746 2525 804 2590; x_wconf 86' lang='lat' dir='ltr'><strong>cfr.</strong></span> <span class='ocrx_word' id='word_1_153' title='bbox 823 2525 924 2590; x_wconf 87' lang='lat' dir='ltr'><strong>&#39;etiam</strong></span> <span class='ocrx_word' id='word_1_154' title='bbox 945 2548 977 2591; x_wconf 84' lang='lat' dir='ltr'><strong>v.</strong></span> <span class='ocrx_word' id='word_1_155' title='bbox 1002 2530 1067 2591; x_wconf 87' lang='lat'><strong>10:</strong></span> <span class='ocrx_word' id='word_1_156' title='bbox 1089 2514 1165 2589; x_wconf 75' lang='lat' dir='ltr'><strong>oiva-</strong></span> 
     </span>
     <span class='ocr_line' id='line_1_20' title="bbox 10 2629 1168 2731; baseline 0.001 -26"><span class='ocrx_word' id='word_1_157' title='bbox 10 2648 12 2653; x_wconf 82' lang='grc'>’</span> <span class='ocrx_word' id='word_1_158' title='bbox 67 2633 383 2731; x_wconf 65' lang='grc' dir='ltr'><strong><em>κιφαλαιιόσασθαι</em></strong></span> <span class='ocrx_word' id='word_1_159' title='bbox 402 2630 443 2706; x_wconf 80' lang='lat' dir='ltr'><strong>aci</strong></span> <span class='ocrx_word' id='word_1_160' title='bbox 464 2631 575 2706; x_wconf 70' lang='grc' dir='ltr'><strong><em>πάντα</em></strong></span> <span class='ocrx_word' id='word_1_161' title='bbox 596 2629 634 2705; x_wconf 78' lang='grc' dir='ltr'><strong>ἐν</strong></span> <span class='ocrx_word' id='word_1_162' title='bbox 653 2641 815 2730; x_wconf 77' lang='grc' dir='ltr'><strong><em>Χριστῷ),</em></strong></span> <span class='ocrx_word' id='word_1_163' title='bbox 837 2653 943 2730; x_wconf 87' lang='lat' dir='ltr'><strong>potest</strong></span> <span class='ocrx_word' id='word_1_164' title='bbox 964 2644 1061 2708; x_wconf 86' lang='lat' dir='ltr'><strong>etiam</strong></span> <span class='ocrx_word' id='word_1_165' title='bbox 1077 2641 1168 2710; x_wconf 86' lang='lat' dir='ltr'><strong>Obri-</strong></span> 
     </span>
     <span class='ocr_line' id='line_1_21' title="bbox 58 2756 1168 2857; baseline -0.004 -30"><span class='ocrx_word' id='word_1_166' title='bbox 58 2766 154 2827; x_wconf 85' lang='lat' dir='ltr'><strong>&#39;stum</strong></span> <span class='ocrx_word' id='word_1_167' title='bbox 186 2756 339 2839; x_wconf 81' lang='lat' dir='ltr'><strong>sumsisse</strong></span> <span class='ocrx_word' id='word_1_168' title='bbox 367 2780 427 2845; x_wconf 90' lang='lat' dir='ltr'><strong>pro</strong></span> <span class='ocrx_word' id='word_1_169' title='bbox 459 2757 612 2843; x_wconf 89' lang='lat' dir='ltr'><strong>sphaera,</strong></span> <span class='ocrx_word' id='word_1_170' title='bbox 643 2758 763 2846; x_wconf 90' lang='lat' dir='ltr'><strong>inqua</strong></span> <span class='ocrx_word' id='word_1_171' title='bbox 789 2767 859 2824; x_wconf 85' lang='lat' dir='ltr'><strong>tota</strong></span> <span class='ocrx_word' id='word_1_172' title='bbox 879 2759 1070 2824; x_wconf 77' lang='lat' dir='ltr'><strong>versabatur</strong></span> <span class='ocrx_word' id='word_1_173' title='bbox 1092 2781 1168 2857; x_wconf 84' lang='lat' dir='ltr'><strong>spes</strong></span> 
     </span>
     <span class='ocr_line' id='line_1_22' title="bbox 65 2871 1166 2963; baseline -0.001 -22"><span class='ocrx_word' id='word_1_174' title='bbox 65 2872 284 2956; x_wconf 86' lang='lat' dir='ltr'><strong>Judaeorum,</strong></span> <span class='ocrx_word' id='word_1_175' title='bbox 312 2872 366 2938; x_wconf 83' lang='lat' dir='ltr'><strong>vel</strong></span> <span class='ocrx_word' id='word_1_176' title='bbox 393 2871 475 2939; x_wconf 87' lang='lat' dir='ltr'><strong>adeo</strong></span> <span class='ocrx_word' id='word_1_177' title='bbox 497 2895 556 2960; x_wconf 82' lang='lat' dir='ltr'><strong>pro</strong></span> <span class='ocrx_word' id='word_1_178' title='bbox 584 2873 810 2957; x_wconf 82' lang='lat' dir='ltr'><strong>fundamento,</strong></span> <span class='ocrx_word' id='word_1_179' title='bbox 839 2897 903 2963; x_wconf 89' lang='lat' dir='ltr'><strong>quo</strong></span> <span class='ocrx_word' id='word_1_180' title='bbox 931 2874 1103 2941; x_wconf 83' lang='lat' dir='ltr'><strong>nitebatur.</strong></span> <span class='ocrx_word' id='word_1_181' title='bbox 1125 2912 1166 2924; x_wconf 93' lang='lat'><em>-</em></span> 
     </span>
     <span class='ocr_line' id='line_1_23' title="bbox 39 2968 1167 3080; baseline 0.001 -24"><span class='ocrx_word' id='word_1_182' title='bbox 39 2968 43 2975; x_wconf 33' lang='grc' dir='ltr'>Ι</span> <span class='ocrx_word' id='word_1_183' title='bbox 64 2989 218 3077; x_wconf 87' lang='lat' dir='ltr'><strong>Denique</strong></span> <span class='ocrx_word' id='word_1_184' title='bbox 244 2998 331 3056; x_wconf 90' lang='lat' dir='ltr'><strong>totus</strong></span> <span class='ocrx_word' id='word_1_185' title='bbox 360 2989 422 3055; x_wconf 92' lang='lat' dir='ltr'><strong>loci</strong></span> <span class='ocrx_word' id='word_1_186' title='bbox 449 2998 620 3055; x_wconf 87' lang='lat' dir='ltr'><strong>contextus</strong></span> <span class='ocrx_word' id='word_1_187' title='bbox 648 2990 790 3056; x_wconf 89' lang='lat' dir='ltr'><strong>ostendit</strong></span> <span class='ocrx_word' id='word_1_188' title='bbox 814 2987 893 3068; x_wconf 76' lang='grc' dir='ltr'><strong>τούς</strong></span> <span class='ocrx_word' id='word_1_189' title='bbox 913 2987 1167 3080; x_wconf 76' lang='grc' dir='ltr'><strong><em>προηλπικότας</em></strong></span> 
     </span>
     <span class='ocr_line' id='line_1_24' title="bbox 66 3106 1167 3196; baseline 0.002 -24"><span class='ocrx_word' id='word_1_190' title='bbox 66 3107 172 3174; x_wconf 89' lang='lat' dir='ltr'><strong>solum</strong></span> <span class='ocrx_word' id='word_1_191' title='bbox 194 3108 234 3174; x_wconf 91' lang='lat' dir='ltr'><strong>de</strong></span> <span class='ocrx_word' id='word_1_192' title='bbox 256 3107 303 3173; x_wconf 89' lang='lat' dir='ltr'><strong>eis</strong></span> <span class='ocrx_word' id='word_1_193' title='bbox 326 3107 480 3174; x_wconf 87' lang='lat' dir='ltr'><strong>ecclesiae</strong></span> <span class='ocrx_word' id='word_1_194' title='bbox 512 3106 705 3173; x_wconf 86' lang='lat' dir='ltr'><strong>christianae</strong></span> <span class='ocrx_word' id='word_1_195' title='bbox 726 3108 879 3174; x_wconf 88' lang='lat' dir='ltr'><strong>membris</strong></span> <span class='ocrx_word' id='word_1_196' title='bbox 899 3108 1039 3195; x_wconf 83' lang='lat' dir='ltr'><strong>intelligi</strong></span> <span class='ocrx_word' id='word_1_197' title='bbox 1060 3131 1167 3196; x_wconf 89' lang='lat' dir='ltr'><strong>posse,</strong></span> 
     </span>
     <span class='ocr_line' id='line_1_25' title="bbox 65 3224 1168 3312; baseline 0.001 -23"><span class='ocrx_word' id='word_1_198' title='bbox 65 3234 155 3312; x_wconf 63' lang='lat' dir='ltr'><strong>&#39;quae</strong></span> <span class='ocrx_word' id='word_1_199' title='bbox 187 3233 284 3293; x_wconf 85' lang='lat' dir='ltr'><strong>antea</strong></span> <span class='ocrx_word' id='word_1_200' title='bbox 304 3224 463 3293; x_wconf 88' lang='lat' dir='ltr'><strong>Judaicae</strong></span> <span class='ocrx_word' id='word_1_201' title='bbox 492 3224 632 3290; x_wconf 82' lang='lat' dir='ltr'><strong>civitatis</strong></span> <span class='ocrx_word' id='word_1_202' title='bbox 661 3224 740 3290; x_wconf 92' lang='lat' dir='ltr'><strong>socii</strong></span> <span class='ocrx_word' id='word_1_203' title='bbox 771 3225 910 3291; x_wconf 84' lang='lat' dir='ltr'><strong>fuerant.</strong></span> <span class='ocrx_word' id='word_1_204' title='bbox 959 3225 1081 3292; x_wconf 90' lang='lat' dir='ltr'><strong>Probat</strong></span> <span class='ocrx_word' id='word_1_205' title='bbox 1107 3226 1168 3292; x_wconf 90' lang='lat' dir='ltr'><strong>hoo</strong></span> 
     </span>
     <span class='ocr_line' id='line_1_26' title="bbox 67 3335 1169 3430; baseline 0.001 -22"><span class='ocrx_word' id='word_1_206' title='bbox 67 3356 212 3429; x_wconf 81' lang='lat' dir='ltr'><strong>sequens</strong></span> <span class='ocrx_word' id='word_1_207' title='bbox 232 3339 288 3407; x_wconf 85' lang='grc' dir='ltr'><strong>καλ</strong></span> <span class='ocrx_word' id='word_1_208' title='bbox 310 3335 404 3422; x_wconf 68' lang='grc' dir='ltr'><em>ὑμεῖς</em></span> <span class='ocrx_word' id='word_1_209' title='bbox 425 3366 456 3408; x_wconf 88' lang='lat' dir='ltr'><strong>v.</strong></span> <span class='ocrx_word' id='word_1_210' title='bbox 481 3346 529 3426; x_wconf 86' lang='lat'><strong>13,</strong></span> <span class='ocrx_word' id='word_1_211' title='bbox 552 3364 616 3429; x_wconf 92' lang='lat' dir='ltr'><strong>quo</strong></span> <span class='ocrx_word' id='word_1_212' title='bbox 639 3340 813 3429; x_wconf 83' lang='lat' dir='ltr'><strong>separatim</strong></span> <span class='ocrx_word' id='word_1_213' title='bbox 838 3342 1022 3430; x_wconf 88' lang='lat' dir='ltr'><strong>adloquitur</strong></span> <span class='ocrx_word' id='word_1_214' title='bbox 1042 3352 1169 3430; x_wconf 88' lang='lat' dir='ltr'><strong>aposto-</strong></span> 
     </span>
     <span class='ocr_line' id='line_1_27' title="bbox 53 3457 1168 3555; baseline 0.004 -32"><span class='ocrx_word' id='word_1_215' title='bbox 53 3458 118 3555; x_wconf 90' lang='lat' dir='ltr'><strong>lus</strong></span> <span class='ocrx_word' id='word_1_216' title='bbox 141 3459 292 3545; x_wconf 80' lang='lat' dir='ltr'><strong>gentiles·</strong></span> <span class='ocrx_word' id='word_1_217' title='bbox 318 3458 360 3525; x_wconf 85' lang='lat' dir='ltr'><strong>ad</strong></span> <span class='ocrx_word' id='word_1_218' title='bbox 389 3458 486 3524; x_wconf 91' lang='lat' dir='ltr'><strong>fidem</strong></span> <span class='ocrx_word' id='word_1_219' title='bbox 516 3457 724 3524; x_wconf 85' lang='lat' dir='ltr'><strong>christianam</strong></span> <span class='ocrx_word' id='word_1_220' title='bbox 755 3481 944 3543; x_wconf 83' lang='lat' dir='ltr'><strong>conversos,</strong></span> <span class='ocrx_word' id='word_1_221' title='bbox 976 3483 1058 3548; x_wconf 91' lang='lat' dir='ltr'><strong>quos</strong></span> <span class='ocrx_word' id='word_1_222' title='bbox 1090 3460 1168 3527; x_wconf 88' lang='lat' dir='ltr'><strong>dicit</strong></span> 
     </span>
     <span class='ocr_line' id='line_1_28' title="bbox 44 3575 1166 3664; baseline 0.002 -24"><span class='ocrx_word' id='word_1_223' title='bbox 44 3581 46 3585; x_wconf 81' lang='grc'><strong>’</strong></span> <span class='ocrx_word' id='word_1_224' title='bbox 64 3575 154 3663; x_wconf 84' lang='lat' dir='ltr'><strong>ipsos</strong></span> <span class='ocrx_word' id='word_1_225' title='bbox 176 3586 306 3664; x_wconf 80' lang='lat' dir='ltr'><strong>quoque</strong></span> <span class='ocrx_word' id='word_1_226' title='bbox 327 3576 489 3643; x_wconf 85' lang='lat' dir='ltr'><strong>audivisse</strong></span> <span class='ocrx_word' id='word_1_227' title='bbox 504 3585 537 3642; x_wconf 92' lang='lat' dir='ltr'><strong>et</strong></span> <span class='ocrx_word' id='word_1_228' title='bbox 557 3576 732 3641; x_wconf 86' lang='lat' dir='ltr'><strong>credidisse</strong></span> <span class='ocrx_word' id='word_1_229' title='bbox 753 3576 891 3643; x_wconf 84' lang='lat' dir='ltr'><strong>verbum</strong></span> <span class='ocrx_word' id='word_1_230' title='bbox 911 3577 1067 3660; x_wconf 85' lang='lat' dir='ltr'><strong>veritatis,</strong></span> <span class='ocrx_word' id='word_1_231' title='bbox 1090 3577 1166 3642; x_wconf 91' lang='lat' dir='ltr'><strong>dum</strong></span> 
     </span>
     <span class='ocr_line' id='line_1_29' title="bbox 19 3690 1164 3789; baseline -0.004 -26"><span class='ocrx_word' id='word_1_232' title='bbox 19 3784 22 3789; x_wconf 21' lang='grc' dir='ltr'>Ι</span> <span class='ocrx_word' id='word_1_233' title='bbox 64 3690 114 3763; x_wconf 84' lang='lat' dir='ltr'><strong>illi</strong></span> <span class='ocrx_word' id='word_1_234' title='bbox 134 3728 178 3740; x_wconf 89' lang='lat'><strong>-·</strong></span> <span class='ocrx_word' id='word_1_235' title='bbox 197 3693 317 3761; x_wconf 86' lang='lat' dir='ltr'><strong>Judaei</strong></span> <span class='ocrx_word' id='word_1_236' title='bbox 336 3694 520 3779; x_wconf 84' lang='lat' dir='ltr'><strong>credentes,</strong></span> <span class='ocrx_word' id='word_1_237' title='bbox 543 3716 680 3782; x_wconf 88' lang='lat' dir='ltr'><strong>quorum</strong></span> <span class='ocrx_word' id='word_1_238' title='bbox 709 3717 792 3760; x_wconf 89' lang='lat' dir='ltr'><strong>unns</strong></span> <span class='ocrx_word' id='word_1_239' title='bbox 821 3694 893 3782; x_wconf 89' lang='lat' dir='ltr'><strong>ipse</strong></span> <span class='ocrx_word' id='word_1_240' title='bbox 915 3704 964 3760; x_wconf 86' lang='lat' dir='ltr'><strong>est</strong></span> <span class='ocrx_word' id='word_1_241' title='bbox 984 3694 1105 3760; x_wconf 91' lang='lat' dir='ltr'><strong>Paulus</strong></span> <span class='ocrx_word' id='word_1_242' title='bbox 1131 3731 1164 3742; x_wconf 89' lang='lat'>-</span> 
     </span>
    </p>
   </div>
   <div class='ocr_carea' id='block_1_3' title="bbox 64 3809 1302 3901">
    <p class='ocr_par' dir='ltr' id='par_1_3' title="bbox 64 3809 1302 3901">
     <span class='ocr_line' id='line_1_30' title="bbox 64 3809 1302 3901; baseline -0.001 -25"><span class='ocrx_word' id='word_1_243' title='bbox 64 3819 350 3897; x_wconf 82' lang='lat' dir='ltr'><strong>antesperassent</strong></span> <span class='ocrx_word' id='word_1_244' title='bbox 365 3811 399 3877; x_wconf 92' lang='lat' dir='ltr'><strong>in</strong></span> <span class='ocrx_word' id='word_1_245' title='bbox 414 3809 556 3894; x_wconf 82' lang='lat' dir='ltr'><strong>Christo,</strong></span> <span class='ocrx_word' id='word_1_246' title='bbox 577 3811 597 3875; x_wconf 88' lang='lat' dir='ltr'><strong>i.</strong></span> <span class='ocrx_word' id='word_1_247' title='bbox 619 3833 647 3876; x_wconf 90' lang='lat' dir='ltr'><strong>e.</strong></span> <span class='ocrx_word' id='word_1_248' title='bbox 663 3820 736 3876; x_wconf 87' lang='lat' dir='ltr'><strong>cum</strong></span> <span class='ocrx_word' id='word_1_249' title='bbox 759 3833 817 3898; x_wconf 90' lang='lat' dir='ltr'><strong>spe</strong></span> <span class='ocrx_word' id='word_1_250' title='bbox 839 3834 898 3878; x_wconf 88' lang='lat' dir='ltr'><strong>sua</strong></span> <span class='ocrx_word' id='word_1_251' title='bbox 918 3812 952 3877; x_wconf 92' lang='lat' dir='ltr'><strong>in</strong></span> <span class='ocrx_word' id='word_1_252' title='bbox 974 3810 1173 3898; x_wconf 80' lang='lat' dir='ltr'><strong>easphaera</strong></span> <span class='ocrx_word' id='word_1_253' title='bbox 1288 3870 1302 3901; x_wconf 87' lang='lat'><strong>-.·</strong></span> 
     </span>
    </p>
   </div>
   <div class='ocr_carea' id='block_1_4' title="bbox 76 4074 1056 4251">
    <p class='ocr_par' dir='ltr' id='par_1_4' title="bbox 76 4074 1056 4251">
     <span class='ocr_line' id='line_1_31' title="bbox 76 4074 98 4111; baseline 0 -8"><span class='ocrx_word' id='word_1_254' title='bbox 76 4074 98 4111; x_wconf 65' lang='grc' dir='ltr'><strong>ᾳ</strong></span> 
     </span>
     <span class='ocr_line' id='line_1_32' title="bbox 115 4161 1056 4251; baseline -0.011 -22"><span class='ocrx_word' id='word_1_255' title='bbox 115 4218 118 4229; x_wconf 95' lang='grc'>.</span> <span class='ocrx_word' id='word_1_256' title='bbox 137 4170 157 4237; x_wconf 88' lang='lat'><strong>¹)</strong></span> <span class='ocrx_word' id='word_1_257' title='bbox 173 4170 208 4251; x_wconf 67' lang='lat' dir='ltr'><strong>ita</strong></span> <span class='ocrx_word' id='word_1_258' title='bbox 226 4170 302 4227; x_wconf 68' lang='lat' dir='ltr'><strong>eliam</strong></span> <span class='ocrx_word' id='word_1_259' title='bbox 322 4167 416 4238; x_wconf 74' lang='lat' dir='ltr'><strong>Beng·</strong></span> <span class='ocrx_word' id='word_1_260' title='bbox 441 4161 497 4228; x_wconf 76' lang='lat' dir='ltr'><strong>:rd</strong></span> <span class='ocrx_word' id='word_1_261' title='bbox 514 4179 571 4238; x_wconf 76' lang='lat' dir='ltr'><strong>onte</strong></span> <span class='ocrx_word' id='word_1_262' title='bbox 589 4187 638 4223; x_wconf 90' lang='lat' dir='ltr'><strong>non</strong></span> <span class='ocrx_word' id='word_1_263' title='bbox 657 4171 763 4239; x_wconf 70' lang='lat' dir='ltr'><strong>retertur</strong></span> <span class='ocrx_word' id='word_1_264' title='bbox 781 4169 813 4222; x_wconf 83' lang='lat' dir='ltr'><strong>ad</strong></span> <span class='ocrx_word' id='word_1_265' title='bbox 832 4170 862 4220; x_wconf 86' lang='lat' dir='ltr'><strong>V.</strong></span> <span class='ocrx_word' id='word_1_266' title='bbox 881 4169 916 4223; x_wconf 79' lang='lat' dir='ltr'><strong>li.</strong></span> <span class='ocrx_word' id='word_1_267' title='bbox 935 4180 1056 4237; x_wconf 79' lang='lat' dir='ltr'><strong>tempora.</strong></span> 
     </span>
    </p>
   </div>
   <div class='ocr_carea' id='block_1_5' title="bbox 54 4287 965 4434">
    <p class='ocr_par' dir='ltr' id='par_1_5' title="bbox 54 4287 965 4434">
     <span class='ocr_line' id='line_1_33' title="bbox 54 4287 773 4366; baseline -0.028 -7"><span class='ocrx_word' id='word_1_268' title='bbox 54 4296 65 4308; x_wconf 79' lang='grc'><em>“</em></span> <span class='ocrx_word' id='word_1_269' title='bbox 136 4287 158 4356; x_wconf 85' lang='lat'><strong>¹)</strong></span> <span class='ocrx_word' id='word_1_270' title='bbox 176 4290 222 4342; x_wconf 79' lang='lat' dir='ltr'><strong>etr.</strong></span> <span class='ocrx_word' id='word_1_271' title='bbox 240 4287 316 4342; x_wconf 82' lang='lat' dir='ltr'><strong>etiarn</strong></span> <span class='ocrx_word' id='word_1_272' title='bbox 336 4292 600 4366; x_wconf 70' lang='lat' dir='ltr'><strong>apmayytllsedaa</strong></span> <span class='ocrx_word' id='word_1_273' title='bbox 618 4287 689 4341; x_wconf 80' lang='lat' dir='ltr'><strong>born.</strong></span> <span class='ocrx_word' id='word_1_274' title='bbox 707 4287 730 4350; x_wconf 86' lang='lat'><strong>1,</strong></span> <span class='ocrx_word' id='word_1_275' title='bbox 749 4288 773 4340; x_wconf 81' lang='lat'><strong>2.</strong></span> 
     </span>
     <span class='ocr_line' id='line_1_34' title="bbox 945 4374 965 4434; baseline 0 0"><span class='ocrx_word' id='word_1_276' title='bbox 945 4374 965 4434; x_wconf 89' lang='grc'>3</span> 
     </span>
    </p>
   </div>
   <div class='ocr_carea' id='block_1_6' title="bbox 0 0 1416 4724">
    <p class='ocr_par' dir='ltr' id='par_1_6' title="bbox 0 0 1416 4724">
     <span class='ocr_line' id='line_1_35' title="bbox 0 0 1416 4724; baseline 0 0"><span class='ocrx_word' id='word_1_277' title='bbox 0 0 1416 4724; x_wconf 95' lang='lat' dir='ltr'><strong> </strong></span> 
     </span>
    </p>
   </div>
  </div>
 </body>
</html>
