2782 4724
228 505 308 587 locis
333 499 417 570 hanc
448 499 638 571 industriam
667 514 701 570 et
727 503 930 591 vigilantiam
959 504 1096 571 ethicam
1116 503 1151 569 in
1172 503 1347 570 universo*

228 622 445 705 commendat,
475 621 558 709 inpr.
585 621 666 687 Luc.
692 627 739 704 12,
753 623 804 686 35.
826 624 885 704 373
911 620 1027 687 Matth.
1055 623 1186 704 25,413;
1208 626 1258 713 26,
1267 609 1328 704 ¹il.

229 738 297 807 cfr.
327 738 447 804 similes
474 736 709 804 admonitiones
737 739 840 824 Pauli,
868 738 953 826 inpr.
982 718 1135 804 I'Thess.
1159 742 1195 816 5,
1218 744 1248 815 8,
1270 739 1330 808 ubi

226 857 363 937 nereum
390 844 544 942 νήφοντες
571 847 735 941 (similiter
761 879 798 923 ae
827 854 845 920 I
873 854 961 920 Petr.
994 859 1019 939 l,
1038 853 1089 940 13)
1118 850 1331 931 coniunctum

226 980 370 1039 osteum
391 971 678 1069 exhortationead
700 995 791 1038 arma
807 970 1006 1059 spiritualia,
1028 970 1175 1058 inprimis
1197 972 1328 1060 galeam

227 1089 307 1177 spei,
345 1088 527 1166 induenda3
554 1087 632 1154 ibid.
660 1111 694 1153 τ.
718 1093 753 1171 6,
774 1088 831 1183 ubi
858 1083 1029 1154 cohiunota
1058 1097 1133 1154 sunt
1158 1091 1330 1177 yppyopeis
1366 1120 1369 1128 =

227 1212 260 1270 et
290 1198 418 1292 νήφειν,
460 1205 542 1271 sicut
569 1205 587 1269 I
616 1205 703 1271 Petr.
734 1207 763 1288 5,
786 1210 824 1284 83
863 1215 1032 1294 praeterea
1058 1185 1180 1275 Idlor.
1214 1209 1268 1291 15,
1287 1213 1328 1291 34

225 1308 403 1411 ἐκνήψατε)
416 1345 425 1398 ;
451 1325 571 1404 16,13;
595 1319 995 1406 001.4,2;11mm.4,5;
1017 1322 1074 1388 cu.
1096 1321 1200 1411 Apso.
1219 1327 1267 1415 16,
1289 1326 1327 1390 ιε

226 1447 258 1504 et
273 1438 290 1503 1
305 1438 392 1502 Petr.
414 1442 444 1517 4,
462 1438 497 1501 7„
512 1473 553 1484 -
573 1435 627 1503 Ad
647 1437 846 1502 alacritatem
867 1461 946 1504 vero
968 1437 1057 1504 illam
1078 1460 1206 1532 semper
1225 1414 1328 1521 maun

224 1562 418 1642 promptam,
440 1552 534 1618 simul
556 1549 637 1640 opus
652 1561 703 1618 est
709 1555 893 1640 precatione
907 1554 1045 1638 assidua,
1068 1565 1104 1620 ut
1117 1547 1210 1621 Dens
1226 1557 1329 1637 robur

225 1694 263 1739 ao
296 1670 494 1758 praesidium
530 1692 623 1735 suum
652 1671 767 1761 quavis
793 1671 874 1736 hore
906 1672 1074 1745 nobiscum
1091 1673 1326 1763 communicet.

225 1784 335 1871 Quare
355 1785 503 1866 Christus
514 1808 590 1851 una
611 1808 684 1850 cum
705 1786 875 1873 vigilantia
896 1764 1100 1854 commendat
1119 1789 1328 1877 supplicatio,-

224 1925 299 1970 ncm
326 1903 442 1969 Matth.
464 1908 514 1987 26,
531 1908 591 1982 413
620 1911 653 1968 et
677 1902 825 1969 similiter
844 1902 939 1969 Rom.
963 1909 1067 1987 12,12
1088 1915 1154 1971 tres
1175 1905 1250 1971 illae
1273 1906 1328 1989 ode

224 1996 417 2095 monitiones
431 2007 619 2085 coniunctae
641 2029 737 2084 sunt:
758 2019 798 2108 τῇ
816 2013 930 2085 ἐλπίδι
943 2017 1184 2110 χαίροντες,τῇ
1200 2008 1329 2115 θλίψει

224 2129 456 2219 ὑπομένοντες,
482 2135 524 2225 τῇ
544 2137 713 2226 προσευχῇ
732 2132 1066 2225 προσκορτερούντες.
1109 2139 1177 2207 Ofr.
1200 2140 1278 2212 001„
1299 2148 1327 2229 l,

141 2270 144 2275 ’
227 2257 263 2336 ΙΙ
278 2280 300 2322 ·;
336 2250 386 2330 εἷς
423 2254 535 2321 πᾶσαν
571 2249 738 2344 ὑπομονὴν
774 2255 829 2320 καὶ
853 2252 1087 2344 μακροθυμίαν
1110 2247 1196 2337 μεταλ
1218 2259 1330 2346 χοροῖς

224 2360 490 2459 εὐχαριστοῦντες
509 2372 558 2457 τῷ
578 2368 683 2458 πατρί
704 2380 779 2456 etc,
800 2373 819 2438 Ι
839 2372 924 2438 Tim.
946 2376 979 2466 5,
991 2376 1019 2454 5,
1041 2374 1098 2439 ubi
1115 2394 1216 2438 verae
1237 2375 1327 2462 piae-

225 2509 288 2575 que
307 2487 423 2568 viduae
439 2488 521 2554 duae
536 2488 683 2577 inprimis
697 2487 883 2554 tribuuntur
897 2489 1033 2555 virtutes
1050 2515 1058 2556 ε
1078 2512 1153 2578 spes
1166 2491 1201 2555 in
1215 2492 1327 2559 Deum

224 2612 257 2671 ot
279 2605 469 2692 snpplicatio
490 2604 620 2687 assidua
640 2595 794 2692 (ἤλπικεν
813 2601 872 2671 ε’πλ
892 2596 1048 2671 τὸνθεόν
1069 2605 1125 2676 καὶ
1143 2606 1369 2701 προσμένειο.

223 2722 298 2796 ταῖς
320 2706 500 2806 δεὴσεσιν);
521 2721 557 2787 Π
578 2719 653 2788 Cor.
677 2726 726 2804 13,
742 2726 770 2787 6.
795 2723 812 2786 7
834 2746 842 2787 :
862 2717 991 2802 ἐλπίζω
1013 2719 1052 2788 δὲ
1074 2712 1123 2790 ὅτι
1143 2711 1329 2820 γνώσεσθε,

223 2825 273 2903 ὅτι
300 2830 395 2924 ἡμεῖς
426 2827 488 2903 oo’x
516 2835 612 2921 ἐσμὲν
639 2827 814 2920 α’δόκιμοι·
849 2830 1069 2922 εὐχόμεθα
1103 2834 1331 2928 diaporesis

224 2945 305 3044 θεὸν
324 2952 391 3020 κτλ.
411 2954 448 3041 ¹).
855 2951 860 2965 '

223 3217 419 3286 propinquitate,
436 3216 466 3296 ¹ut
482 3209 569 3290 alaim
584 3215 628 3268 ilia
646 3213 915 3278 Thessalonicensem,
927 3194 1010 3286 ⁴qnam
1027 3214 1119 3273 Paulus
1138 3218 1161 3287 iu
1179 3219 1256 3286 priori
1272 3235 1322 3283 sua

152 3307 156 3311 ’
224 3309 256 3368 ad
278 3309 346 3362 hanc
369 3307 500 3362 ecclesiam
524 3308 631 3376 epistola
649 3307 819 3375 reprehendit.
838 3335 869 3346 -
888 3307 1006 3362 Similiter
1023 3311 1091 3362 inani
1108 3310 1144 3361 iili
1162 3313 1217 3379 spei
1234 3312 1326 3366 instili-

225 3403 330 3455 cationis
348 3404 434 3455 coram
452 3403 517 3465 Deo,
535 3416 609 3471 quam
627 3398 785 3454 iudaizantes
812 3401 936 3455 fovebant
959 3401 1030 3455 honis
1055 3405 1106 3455 suis
1123 3397 1240 3471 operibor
1257 3389 1325 3470 fieti,

223 3495 318 3548 Paulus
336 3495 390 3549 Gal.
409 3494 433 3560 5,
450 3497 467 3549 5
486 3496 590 3565 opponit
607 3512 677 3563 spem
696 3497 878 3549 iustificationis
896 3513 941 3564 per
959 3497 1032 3550 fldem
1050 3498 1075 3548 in
1094 3497 1136 3565 Sp.
1155 3508 1243 3552 sancto
1260 3516 1326 3554 con·

105 3593 109 3608 “
224 3600 329 3658 septam·
365 3590 394 3652 ll·
411 3591 427 3642 l·
447 3591 543 3657 tlnldn
569 3583 735 3666 δικαιοσύνης
760 3591 873 3658 inprimis
896 3590 1032 3651 modestiae
1049 3607 1079 3647 ac
1096 3591 1226 3665 sobrietati
1243 3608 1326 3647 evan·

223 3684 324 3754 geticae
349 3685 531 3755 describendae
558 3686 694 3748 inservire,
727 3687 862 3778 reptatam
879 3686 974 3737 monuit
991 3683 1028 3738 lle
1046 3685 1097 3750 w..
1125 3702 1199 3758 quem
1222 3687 1325 3761 videip

225 3789 358 3833 comment.
377 3779 409 3831 ad
426 3779 451 3831 h.
469 3780 486 3833 Ι.

193 3891 203 3903 ’
297 3884 316 3953 ¹)
333 3881 456 3937 Conferre
473 3885 549 3937 etiam
574 3884 633 3937 iicet
655 3882 726 3936 Rom.
743 3881 770 3947 8,
789 3879 907 3946 24-26,
931 3881 973 3935 uhi
1000 3891 1130 3951 postquam
1155 3882 1189 3935 de
1212 3884 1324 3938 essentia

225 3993 256 4032 ac
272 3988 362 4031 natura
380 3981 435 4048 spei
452 3994 533 4031 sermo
551 3979 649 4042 tuerat,
672 3977 754 4032 statim
772 3978 890 4031 transitus
906 3977 935 4030 fit
952 3975 985 4029 ad
1004 3979 1154 4044 precationis
1171 3978 1324 4031 mentionem

224 4072 374 4127 taciendam.
411 4074 452 4126 Sic
470 4075 548 4126 etiam
564 4064 700 4150 napp‘pctn
716 4082 742 4125 et
759 4077 897 4129 αἰτεῖσθαι
913 4089 969 4126 sese
986 4074 1113 4140 excipiunt
1128 4069 1140 4122 1
1158 4070 1214 4125 Joh.
1232 4069 1258 4136 3,
1273 4069 1320 4137 213

225 4166 251 4232 5,
272 4166 314 4219 14.
335 4195 368 4206 -
386 4167 425 4221 De
442 4170 581 4237 propinqua
599 4182 662 4220 vero
679 4162 878 4228 assuetudine,
904 4183 953 4239 qua
971 4168 1081 4234 inprimis
1100 4166 1166 4235 apud
1184 4165 1322 4237 lohannent

225 4264 294 4329 inter
313 4278 342 4319 ee
361 4261 515 4315 cohaereant
531 4251 665 4339 παρ’ῥαολα
683 4271 708 4315 et
726 4264 812 4332 ἐλπίς,
831 4277 856 4313 v.
870 4261 967 4313 liutm-
986 4258 1112 4315 Schrbws.
1131 4257 1172 4324 ΙΙΙ,
1188 4276 1213 4328 p.
1231 4256 1293 4314 320.
