2782 4724
47 4412 88 4448 h.

720 341 762 405 60

639 429 837 441 *-

188 544 235 613 dit
262 545 355 612 notio
379 545 586 633 incorruptae
608 545 804 633 integritatis
826 555 859 611 et
880 544 1037 611 castitatis
1058 546 1220 634 corporis,
1253 546 1295 612 de

187 686 252 754 qua
278 672 371 751 parte
402 663 460 748 τῆς
494 659 595 749 δόξης
628 663 712 728 infra
740 663 834 728 nobis
862 663 1024 750 agendum
1054 663 1133 747 erit3
1166 664 1185 729 I
1214 662 1293 732 Cor.

189 787 221 864 1;
239 786 286 846 8:
316 769 353 856 ὃς
374 779 431 846 καὶ
457 770 641 863 βεβαιώσει
668 774 756 860 ὑμεῖς
783 776 845 855 ἕως
873 755 988 855 τέλους
1015 771 1227 867 α’νεγκλὴτους
1259 777 1295 846 ἐν

185 891 351 986 τῇὴμέρρι
370 899 430 963 τοῦ
450 896 578 986 κυρίου,
614 888 793 963 iecisse
823 886 1036 985 αἷνεγκλὴτους
1069 888 1155 962 εἶναι
1184 891 1296 982 ὑμᾶς,

185 1015 270 1082 Phil.
295 1022 320 1100 l,
341 1022 379 1081 10
400 1041 407 1082 :
429 990 482 1080 ἵνα
502 1003 557 1102 ἦτε
578 1011 765 1119 εἰλικρινεῖς
786 1016 842 1081 καὶ
863 1007 1078 1102 α’πρόσκυποι
1099 1010 1147 1090 εἰς
1168 1007 1294 1104 ἡμέραν

172 1134 351 1220 Χριστοῦ.
373 1171 413 1182 -
435 1133 559 1199 Eadem
585 1133 755 1220 integritas
769 1127 886 1199 ‘omnis
920 1133 999 1197 vitii·
1013 1141 1046 1197 et
1063 1132 1148 1197 ¹labis
1170 1154 1293 1221 expers

134 1300 140 1309 -
187 1250 222 1318 in
244 1260 389 1317 extremo
418 1250 536 1315 iudicio
556 1251 791 1317 manifestanda
812 1250 973 1316 interdum
996 1250 1150 1337 negative
1173 1251 1298 1316 deseri.

185 1368 274 1434 bitur
302 1390 361 1454 per
396 1355 464 1430 ὀυἰι
493 1356 725 1448 αἰσχύνεσθαι.
773 1369 826 1434 Ita
856 1368 938 1433 Phil.
964 1374 990 1451 1,
1012 1373 1081 1432 20:
1110 1358 1194 1431 κατα
1235 1359 1295 1455 τήν
1332 1427 1340 1443 ,

76 1472 81 1487 l
185 1473 461 1571 οἷποκαραδοκίαν
480 1483 534 1549 καί
556 1482 680 1548 ἐλπίδα
695 1506 759 1564 μου
772 1474 821 1548 ὅτι
837 1474 870 1549 ἕν
884 1473 994 1549 οὐδενί
1012 1475 1292 1572 αἰσχυνθήσομαι,
1341 1546 1344 1550 .

189 1623 254 1691 quo
284 1582 383 1666 verbo
404 1601 526 1667 Paulus
554 1601 605 1666 hic
630 1603 778 1689 inprimis
807 1602 939 1689 respicit
959 1625 1076 1666 munus
1099 1623 1193 1687 suum
1215 1625 1293 1689 ape

189 1718 337 1785 stolicum
368 1727 400 1784 et
428 1741 528 1806 opera
554 1719 588 1783 in
617 1719 787 1804 evangelio
816 1718 999 1782 nunciando
1021 1726 1168 1804 peracto,
1203 1741 1292 1805 quae

186 1845 295 1923 sperat
327 1837 389 1901 sibi
420 1836 528 1901 decori
557 1846 602 1911 etn
616 1835 745 1917 honori,
782 1857 847 1898 non
879 1833 1075 1919 ignominiae
1105 1834 1226 1900 futura.
1249 1871 1292 1885 -

184 1951 286 2019 Paulo
318 1952 413 2017 latior
435 1975 548 2016 sensus
570 1951 670 2016 verbo
692 1937 914 2031 καταισχύνειν
942 1951 1051 2015 sub‘est
1072 1951 1166 2017 Rom.
1190 1955 1219 2035 5,
1240 1956 1259 2017 5
1281 1977 1291 2018 ε

185 2063 320 2154 ἦέλπίς
340 2058 380 2132 ου’
398 2060 622 2148 καταισχύνει,
651 2069 707 2133 ubi
736 2068 829 2133 simul
859 2090 1013 2155 praesens
1035 2091 1072 2133 ae
1093 2069 1202 2134 futura
1224 2070 1292 2136 evi·

184 2185 264 2251 tatio
287 2186 499 2250 contumeliae
521 2186 697 2261 indicatur;
718 2186 775 2250 cfr.
798 2185 892 2250 Rom.
910 2189 937 2267 9,
950 2190 1006 2263 33;
1032 2190 1078 2268 10,
1093 2190 1146 2263 113
1168 2185 1289 2253 IPetr.
1327 2227 1330 2232 ν

185 2308 215 2386 2,
237 2308 256 2369 6
279 2327 286 2367 :
308 2296 326 2367 ὁ
352 2291 520 2368 πιστεύων
544 2300 596 2366 ἐπ’
617 2291 709 2386 αὐτῷ
730 2290 769 2365 ου’
787 2289 1122 2387 καταισχυνθήσεται,
1157 2324 1221 2388 quo
1252 2303 1289 2368 in

185 2421 267 2501 loco,
290 2411 459 2506 desumpto
483 2442 524 2486 ex
545 2420 614 2486 Jea
638 2425 748 2501 28,16‚
770 2407 813 2482 ου’
830 2414 1152 2507 καταισχυνθήσεται
1174 2442 1291 2485 secun-

185 2537 262 2603 dum
293 2536 392 2602 LXX
423 2536 598 2623 respondet
628 2536 780 2602 hebraico
808 2542 886 2629 οιήξιζ
902 2527 956 2610 ΝΒ.
1007 2537 1072 2602 Pro
1110 2537 1171 2603 hoc
1200 2536 1290 2602 enim

184 2654 302 2731 verbo,
342 2653 429 2740 quod
460 2653 591 2740 proprie
619 2663 697 2719 est:
722 2677 805 2734 „non
833 2653 971 2742 fugiet“,
1006 2652 1104 2719 LXX
1134 2653 1288 2721 videntur

184 2771 303 2858 legisse
325 2759 458 2863 &⁸:2⁸5
481 2771 567 2854 sofr.
584 2771 643 2836 p,
667 2775 718 2850 25,
740 2779 774 2856 23
800 2777 868 2854 119,
893 2777 961 2836 116.
1102 2854 1104 2859 Ι

192 2910 199 2925 ⁶
267 2886 333 2968 Qui
355 2910 433 2953 vero
454 2911 521 2954 non
541 2889 665 2954 fallitur
687 2912 745 2976 spe
766 2913 824 2955 sua
844 2888 948 2954 laudis
971 2895 1068 2974 atque
1083 2888 1206 2974 gloriae
1223 2889 1288 2957 sibi

125 3080 131 3096 x
184 3005 400 3087 obventuras,
421 3004 518 3076 habet
540 3029 603 3094 quo
626 3006 784 3092 glorietur
805 3029 913 3071 coram
933 3006 1006 3071 Deo
1028 2994 1209 3092 ceterisque
1230 3005 1287 3072 ho·

183 3121 333 3188 minibus.
377 3122 494 3210 Itaque
517 3122 578 3187 sihi
600 3122 751 3210 opposita
773 3130 847 3186 sunt
861 3110 930 3186 ὀυἰι
962 3109 1230 3209 αἰσχυνθήσομαι
1254 3133 1287 3188 et

173 3227 443 3324 καυχήσομαι
470 3240 505 3306 Π
528 3238 601 3307 Cor.
628 3246 674 3321 10,
692 3245 720 3304 8.
771 3238 950 3323 orsiti,
975 3245 1012 3304 14
1042 3265 1049 3305 :
1081 3235 1201 3314 καθιείς
1229 3238 1288 3306 καὶ

183 3352 347 3441 ἐπέγνωτε
367 3353 453 3445 ἡμᾶς
474 3347 544 3422 α’πό
563 3358 681 3446 μέρους
702 3346 755 3420 ὅτι
776 3336 926 3443 καύχημα
948 3351 1039 3437 ὑμῶν
1059 3354 1160 3437 ἐσμὲν,
1174 3352 1286 3424 καθοί-

184 3493 250 3561 περ
280 3471 336 3538 καί
367 3468 459 3555 ὑμεῖς
488 3469 580 3563 ἡμῶν
608 3472 640 3540 ἐν
659 3475 701 3562 τῇ
723 3468 828 3559 ἡμέρα
849 3475 911 3539 τοῦ
933 3471 1048 3562 κυρίου
1067 3463 1190 3561 Ἰησοῦ,
1219 3498 1286 3564 qua

130 3586 133 3591 ’
184 3590 410 3657 enrmciatione
447 3593 612 3681 apostolus
644 3592 797 3658 describit
825 3601 970 3657 mutuam
1003 3592 1149 3675 laudem,
1186 3615 1285 3680 quam

184 3706 255 3795 ipse
282 3716 315 3773 et
339 3707 579 3776 Corinthiorum
608 3710 745 3775 ecclesia
771 3710 832 3775 sibi
860 3709 999 3775 invicem
1026 3710 1180 3777 tributuri
1208 3709 1284 3794 sint,

184 3824 313 3914 quando
342 3826 449 3901 omnia
478 3827 640 3914 patefacta
670 3836 767 3913 atque
798 3816 942 3891 revelata
969 3836 1064 3893 erunt
1084 3827 1119 3915 in
1142 3826 1194 3893 die
1215 3827 1284 3894 Do·

183 3940 291 4007 mini.'
314 3939 474 4009 Similiter
494 3943 512 4007 I
533 3924 648 4007 Thess.
669 3948 698 4024 2,
716 3944 754 4006 19
776 3943 941 4029 apostolus
964 3939 1281 4022 Thessalonicenses,

184 4058 341 4147 singulari
361 4058 438 4143 fidei
460 4059 657 4146 praestantia
679 4082 715 4124 ac
735 4059 822 4125 vitae
845 4061 1014 4126 sanctitate
1035 4060 1199 4147 insignes,
1226 4083 1282 4127 vo

184 4183 243 4243 est.
257 4198 348 4261 spem
369 4198 459 4241 suam
481 4185 513 4241 et
534 4174 664 4241 delicias
686 4185 719 4241 et
747 4201 887 4243 coronam
913 4178 1076 4263 plorionds'
1101 4171 1283 4262 (στέφανον

187 4282 394 4380 καυχήσεως)
426 4294 447 4360 i
471 4315 667 4383 acassam,
694 4317 759 4382 qua
779 4295 813 4360 in
834 4295 943 4378 futura
964 4293 1085 4362 Christi
1106 4293 1282 4381 epiphanis
