2782 4724
669 333 709 394 48

64 587 70 594 ,
95 579 99 587 ⁴
144 500 303 601 sententia
323 533 533 600 adumbratur
553 534 599 600 ⁴II
620 532 696 600 Gor.
721 539 735 597 1
745 582 754 617 ,
777 538 814 617 6,
826 511 892 599 'ubi
912 533 1033 599 Paulus
1054 531 1133 597 dicit
1153 531 1242 596 beno

140 673 175 715 se
206 633 336 738 sperare
367 651 407 718 de
442 649 635 732 Corinthiis,
673 649 841 738 quoniam,
878 649 906 725 si
932 648 1044 714 eadem
1072 647 1243 735 patiantur

141 767 235 849 mala,
264 789 347 855 quae
375 767 454 861 ipse,
484 777 552 832 tum
578 766 612 831 vi
640 766 899 854 perseverantiae
921 754 969 846 (ἐν
996 759 1146 850 ὑπομονῇ
1173 763 1243 828 τῶν

142 872 251 950 αὐτῶν
283 876 507 969 παθημάτων)
542 881 628 948 idem
664 884 761 948 etiam
789 882 940 949 solatium
967 890 1064 969 atque
1102 879 1242 945 eandem

36 1067 40 1073 ,
142 1000 280 1066 salutem
306 999 510 1099 impetraturi
537 1000 611 1065 sint.
655 999 722 1067 cfr,
749 999 826 1066 ibid.
853 1023 884 1064 v.
909 1004 976 1064 10:
1006 983 1064 1083 ,ὃς
1083 986 1119 1061 ἐκ
1138 996 1243 1081 τηλι-

141 1104 260 1181 κούτου
288 1105 437 1188 θανάτοιν
463 1100 624 1206 &priuato
650 1110 819 1204 ἡμᾶςκαὶ
848 1103 978 1204 ῥύεται,
1005 1108 1054 1188 εἰς
1080 1103 1243 1199 duritat-

63 1281 74 1290 .
142 1254 243 1313 καμεν
261 1223 314 1298 ὅτι
333 1232 389 1299 καὶ
410 1228 459 1299 ἔτι
479 1226 635 1322 ῥύσεται,
657 1254 721 1321 qua
741 1231 961 1303 enuntiatione
982 1231 1101 1316 optime
1124 1228 1245 1294 deseri-

36 1356 42 1371 '
144 1343 242 1416 bitur
256 1349 400 1416 idearum
422 1373 525 1416 nexus
547 1345 857 1438 atquesspr'ooessus,
888 1348 945 1436 qui
967 1348 1072 1412 locum
1086 1345 1243 1423 habetin

37 1486 50 1512 ι
133 1484 196 1548 ‘eo,
218 1465 309 1530 euius
331 1488 405 1553 spes
425 1466 530 1553 magis
551 1466 720 1554 magisque
742 1465 904 1531 stabilitur
926 1473 958 1529 et
979 1463 1072 1553 quasi
1093 1463 1243 1528 aedifica·

142 1591 195 1646 tur
228 1582 385 1647 malorum
416 1583 602 1664 tolerantia,
636 1582 728 1648 unita
756 1605 829 1648 oum
860 1581 978 1646 fiducia
1006 1581 1040 1645 in
1066 1580 1175 1645 Deum
1204 1579 1243 1666 ¹).

45 1691 78 1793 ,χ
144 1694 334 1768 Similiimus
365 1699 454 1765 loeus
483 1708 532 1765 est
558 1699 653 1765 Rom.
682 1701 718 1782 5,
741 1704 760 1763 8
782 1737 821 1747 -
844 1703 902 1781 1⁰3
929 1697 1006 1762 item
1033 1697 1069 1763 II
1097 1695 1182 1781 Tim.
1212 1699 1266 1779 4,

147 1816 266 1880 17418.
628 1884 631 1889 ,

78 1918 83 1928 ’
152 1977 155 1983 ,
226 1931 343 2019 Itaque
366 1931 449 1996 sieut
470 1931 576 2018 gratia
598 1941 647 1996 est
668 1930 829 2006 obiectiva
849 1928 1001 2017 sperandi
1022 1928 1173 2011 conditio,
1198 1928 1245 1995 ita

144 2041 292 2136 ὑπομονὴ
312 2047 379 2113 τῶν
397 2036 609 2134 natinatores
632 2048 844 2136 praecipuum
864 2055 914 2112 est
935 2045 1148 2112 subiectivum
1170 2044 1245 2131 spei

144 2164 396 2231 fundamentum.
438 2161 504 2231 Sed
526 2163 686 2231 interdum
708 2164 805 2229 etiam
825 2162 1026 2248 immediate,
1047 2171 1084 2227 ut
1105 2160 1237 2226 videtur
1272 2249 1277 2255 .

145 2290 178 2348 et
204 2281 364 2348 obieotive
396 2269 554 2347 malorum
580 2280 747 2368 perpessio
777 2288 912 2347 vocatur
940 2286 1038 2345 eausa
1067 2278 1150 2344 bene
1173 2299 1257 2364 spe.

144 2379 246 2480 randi,
267 2406 304 2462 ut
323 2397 418 2462 Rom.
441 2403 480 2480 8,
505 2399 572 2462 17:
594 2387 692 2483 εἴπερ
714 2416 950 2487 συμπασχρμεν
970 2390 1024 2461 ἵνα
1045 2393 1101 2459 καὶ
1123 2392 1249 2460 συνδο-

143 2511 606 2597 ξασθῶμενςοΐιἾΠΟοιΙ
629 2515 667 2596 7;
685 2513 856 2579 HThess
882 2513 1168 2597 l,7;IPetr.4,
1195 2517 1248 2579 13
1291 2568 1296 2578 ,

143 2630 268 2695 Atvero
297 2626 348 2693 his
380 2651 509 2717 quoque
536 2629 616 2696 loois
637 2651 750 2694 verum
773 2652 810 2694 ae
831 2630 1014 2717 proprium,
1045 2652 1109 2718 quo
1130 2627 1248 2695 nititur

144 2766 236 2834 spes,
265 2747 509 2814 fundamentum
539 2756 589 2812 est
609 2747 716 2833 gratia
737 2747 866 2831 divina,
893 2770 976 2835 quae
999 2746 1136 2835 quodvis
1158 2745 1248 2811 dam-

144 2887 236 2948 num,
258 2864 408 2930 haesita
428 2873 597 2951 acceptum
619 2863 840 2951 copiosissime
861 2842 956 2931 nobis
976 2864 1135 2947 restituet,
1157 2863 1249 2929 dum-

144 2980 238 3046 modo
267 2981 355 3069 passi
384 2981 483 3047 simus
513 2975 559 3057 n‘g
586 2976 782 3068 Χριστιανοὶ
813 2980 846 3065 (Ι
871 2980 1022 3063 Petrai,
1046 2978 1118 3065 16),
1144 2968 1246 3068 atque
1263 2986 1292 3049 ,’

39 3128 47 3143 ·
144 3098 249 3164 socios
272 3109 304 3164 et
325 3108 490 3191 compotes
506 3098 691 3186 passionum
707 3095 828 3164 Christi
850 3118 909 3161 nos
930 3096 1187 3184 praestiterimus
1203 3094 1245 3184 ⁹).

214 3409 232 3476 ¹)
250 3406 363 3462 Observa
387 3409 501 3463 ordinem
525 3419 665 3477 temporum
693 3408 763 3462 verbi
788 3400 904 3466 disson
933 3409 959 3461 in
984 3410 1033 3462 hoe
1056 3408 1130 3471 iooo;
1158 3407 1243 3462 madio

140 3503 205 3551 enim
224 3484 281 3553 ioco
303 3501 438 3570 tegendum
461 3518 552 3556 censeo
576 3519 696 3572 praesens
718 3495 825 3580 dissat,
853 3520 903 3556 non
925 3502 1034 3555 futurum
1058 3494 1184 3577 ῥύσεται,
1214 3509 1243 3554 nt

142 3592 274 3657 Lusitana
293 3593 429 3648 Tisehdt
444 3595 527 3648 aii.-
547 3592 598 3649 cfr.
616 3597 694 3665 May.
712 3598 826 3650 adnotat
843 3597 898 3680 orit.
915 3595 989 3648 adh.
1009 3611 1089 3648 vsunt

176 3710 305 3778 ¹.)Cir
323 3712 353 3764 W
364 3712 440 3766 siis
459 3714 476 3767 Ι.
495 3713 718 3784 spatiatus,
747 3717 789 3785 qni
815 3715 928 3782 inprimis
951 3714 1091 3766 discrimen
1105 3667 1242 3773 ostendere

142 3804 249 3857 studet
242 3815 306 3858 tuter
323 3805 392 3860 Petri
407 3817 432 3860 et
450 3807 522 3860 Pauli
540 3807 680 3860 doctrinam
699 3808 731 3860 de
748 3809 951 3889 consortionem
969 3808 1128 3876 passionibus
1140 3804 1241 3860 Christi.

143 3894 215 3962 Quod
236 3897 367 3969 ductimen
392 3899 498 3956 fortasse
522 3900 594 3952 nimis
616 3910 690 3969 urget
707 3917 738 3953 ex
755 3915 825 3951 more
843 3915 904 3963 suo,
932 3914 1005 3972 quern
1025 3916 1071 3952 nos
1087 3900 1137 3951 iam
1154 3916 1241 3967 supra,

143 3989 223 4068 ds-ti
249 3993 438 4045 resurrectionis
466 3991 556 4054 Christi
579 4009 630 4047 seo.
657 3992 724 4045 Petri
741 3992 890 4045 sententiam
909 3992 1054 4062 loquentes,
1081 4008 1131 4043 nou
1149 3995 1240 4062 quavis

142 4070 246 4159 ratione
260 4086 368 4154 probare
385 4102 459 4152 posse
477 4085 592 4140 diurnus.
628 4084 692 4159 Nam
710 4086 777 4156 quod
795 4086 827 4138 ad
849 4091 980 4141 κοινωνίαν
997 4081 1051 4140 «raia
1068 4080 1239 4164 παθημάτων

142 4172 193 4231 τοῦ
208 4173 327 4253 Χριστοῦ
350 4179 452 4242 attinet,
479 4177 542 4231 haee
567 4179 659 4231 saitem
681 4182 750 4232 notio
772 4180 900 4231 amborum
919 4179 1088 4248 apostotorum
1107 4190 1145 4233 est
1162 4178 1240 4246 plane

142 4260 303 4324 eommunia:
330 4271 375 4324 cir.
399 4273 464 4325 euim
488 4270 549 4326 Phil.
568 4270 596 4338 ³,
613 4272 646 4325 10
669 4290 725 4326 eum
742 4272 754 4326 l
771 4271 837 4344 i'etr.¹
855 4275 881 4338 4,
902 4270 942 4327 43.
986 4273 1048 4327 iiine
1072 4267 1156 4327 ιἰιιοιιι
1178 4272 1240 4351 indi
