2782 4724
715 292 766 386 ον’

179 524 300 606 Quum
327 549 408 593 vero
436 549 642 618 nequequam
668 527 741 617 ipss
769 550 859 617 spos,
888 528 910 593 i.
933 550 961 593 o.
985 506 1118 595 ‘habitus
1145 551 1170 594 s.
1192 535 1283 595 actus

182 643 339 740 sperandi
364 643 426 711 hoc
455 646 616 741 obiectum
646 645 895 734 exspectationis
929 668 999 712 esse
1032 646 1136 733 possit
1163 681 1204 694 -
1231 644 1284 711 hic

185 761 274 827 enim
296 760 425 827 habitus
447 761 511 827 iam
533 762 654 828 dudum
675 772 724 828 cst
745 763 832 845 eius,
864 762 920 851 qui
942 770 1051 849 sperat
1076 799 1109 809 -
1135 757 1232 836 ἐλπίς
1252 761 1284 831 h.

183 878 206 945 l.
230 877 414 944 necessario
444 877 602 945 sumenda
629 887 678 943 est
705 901 765 965 pro
787 900 823 943 re
844 887 984 966 sperata.
1025 877 1177 943 Alterum
1205 899 1283 943 vcro

182 994 349 1062 obiectum
375 993 469 1061 ε’καί
500 981 695 1079 ἐπιφάνειαν
728 994 785 1080 τῆς
812 981 909 1080 δόξης
938 993 1000 1058 cori
1027 985 1170 1079 μεγάλου
1198 994 1285 1058 9εοῦ

182 1111 243 1179 καί
269 1112 418 1200 σωτῆρος
441 1104 532 1198 ἡμῶν
558 1101 587 1177 ’1.
616 1112 765 1198 Χριστοῦ
791 1135 857 1179 non
879 1113 1042 1177 diversum
1064 1121 1114 1177 est
1136 1134 1155 1177 ο
1175 1113 1284 1200 priore

183 1230 245 1319 illo
267 1218 375 1312 ἐλπίς,
402 1229 460 1294 sed
481 1239 518 1294 ut
538 1230 753 1318 expcxegesis
774 1230 883 1317 potius
910 1230 939 1295 ei
969 1230 1112 1296 additum
1139 1239 1205 1313 est,
1237 1238 1283 1314 ut,

189 1367 259 1435 qus
284 1345 318 1413 in
344 1369 381 1410 re
403 1346 558 1414 consistat
578 1346 658 1411 haec
680 1369 774 1435 spes,
806 1347 988 1414 accuratius
1010 1346 1220 1413 describatur.
1242 1382 1285 1395 -

188 1461 258 1530 cfr.
277 1461 349 1528 Act
372 1468 457 1548 23,6
480 1488 487 1528 :
509 1462 591 1546 περὶ
612 1455 752 1540 ἐλπίδος
772 1463 828 1530 καί
850 1451 1062 1542 διαστάσεως
1081 1465 1204 1552 νεκρῶν
1221 1457 1283 1550 ἑγιδ

183 1575 354 1665 κρίνομαι,
373 1580 431 1646 ubi
453 1580 614 1651 obiectum
635 1581 704 1668 spei
727 1580 823 1647 simili
843 1581 1060 1670 hendiadyoin
1081 1581 1284 1669 exprimitur,

184 1696 247 1761 etsi
275 1686 371 1772 ἐλπίς
396 1697 427 1762 h.
449 1698 471 1763 l.
503 1721 569 1764 non
596 1699 739 1785 positum
767 1699 808 1763 sit
836 1722 895 1786 pro
928 1721 981 1782 re,
1018 1721 1101 1788 quse
1124 1708 1283 1786 speratur.

183 1812 331 1885 nevero
351 1812 427 1879 Act.
449 1817 554 1898 24,15
577 1839 585 1879 ε
607 1804 729 1882 ἐλπίδα
761 1809 846 1896 ἔχων
874 1809 924 1890 εἰς
947 1806 1004 1880 πδν
1031 1811 1129 1898 ocos,
1164 1802 1201 1900 ἣν
1227 1814 1284 1881 καί

182 1917 397 2022 cornicines
412 1929 654 2016 προσδέχονται
674 1931 738 2000 ιπλ.
760 1935 851 1999 locus
872 1942 922 1998 est
941 1932 1054 2017 nostri,
1077 1932 1117 2000 de
1140 1954 1204 2021 quo
1227 1934 1284 2000 vix

136 2084 140 2090 ,
187 2047 330 2136 egimus,
373 2048 572 2132 simillimus,
607 2073 680 2115 cum
708 2060 740 2115 et
770 2050 822 2115 hic
837 2073 919 2115 roc.
946 2040 1042 2125 ἐλπίς
1072 2050 1118 2115 its
1144 2050 1285 2137 pendent

187 2187 229 2233 ox
254 2163 506 2252 προσδέχεσθαι
513 2216 522 2250 ,
564 2176 601 2232 ut
636 2168 725 2232 nullo
770 2168 833 2232 olio
863 2166 958 2231 modo
988 2166 1144 2252 explicari
1174 2175 1283 2253 queat,

183 2277 288 2371 *quem
305 2285 414 2349 'sensu'
440 2283 570 2371 passivo
592 2308 600 2349 ε
621 2283 654 2348 id
672 2268 764 2371 ‘quod
791 2292 940 2371 speratur
959 2287 996 2365 ¹).
1016 2320 1056 2334 —·
1079 2282 1284 2369 Quamquam

175 2388 281 2487 ,ἐλπίς
312 2398 343 2464 h.
371 2400 411 2478 1.,
453 2400 480 2465 si
513 2400 689 2467 omittimus
721 2401 920 2467 interiectam
957 2401 1046 2466 illem
1081 2398 1284 2482 sententium,

186 2514 352 2583 notionem
375 2528 471 2582 'susm
498 2517 695 2583 ordinariam
715 2518 839 2584 obtinet
861 2508 999 2604 (ἐλπίδα
1018 2507 1136 2602 ἐ’χαιν);
1168 2517 1284 2583 mixtio

183 2630 286 2718 igitur
312 2632 492 2700 obiectivoe
528 2643 560 2700 et
592 2635 790 2702 subiectivae
817 2634 959 2701 notionis
987 2635 1021 2700 in
1050 2635 1163 2701 codem
1191 2656 1283 2701 voce·

183 2749 262 2814 bulo
283 2749 370 2816 fecta
390 2760 439 2817 est
459 2751 492 2817 h.
513 2752 535 2817 l.
1051 2834 1053 2839 .

241 2868 248 2884 “’
268 2865 392 2933 Eodem
420 2890 498 2933 vero
526 2868 622 2935 modo
650 2891 724 2934 cum
751 2868 956 2936 -Bleekio
992 2867 1206 2956 explicandus
1234 2876 1285 2933 ost

187 2982 279 3051 loeus
300 2983 457 3070 epistolae
479 2985 520 3050 ed
540 2985 661 3068 Hebr.,
682 3009 752 3073 esp.
775 2989 805 3067 δ,
822 2991 860 3052 18
883 3009 891 3049 2
921 2985 1084 3071 κρατῆσαι
1109 2984 1168 3068 τῆς
1194 3005 1285 3071 προ-

187 3097 335 3186 κειμένης
357 3089 514 3180 ἔλπίδος,
534 3102 591 3168 ubi
611 3091 708 3179 ἐλπίς
728 3103 860 3190 proprie
883 3102 1015 3191 quidem
1035 3101 1140 3166 activo
1162 3124 1187 3167 s.
1211 3100 1284 3167 sule

185 3216 304 3284 iectivo
326 3239 423 3282 sensu
445 3193 739 3305 accipiendum'sst
759 3219 928 3305 flagitante
949 3225 1113 3298 contextu,
1135 3215 1284 3303 inprimis

185 3353 283 3398 versu
311 3342 481 3421 sequente,
521 3336 576 3401 ubi
598 3336 638 3401 de
658 3337 818 3422 hacope,
840 3344 1121 3423 comparata‘cum
1141 3333 1283 3400 anchora

185 3448 278 3514 firma
301 3458 334 3514 ot
354 3472 476 3536 secura,
507 3453 713 3540 praedicatur
734 3453 854 3518 intrare
877 3475 948 3518 eam
968 3453 1117 3518 intimum
1138 3460 1282 3518 sanctus-

186 3564 277 3650 n'um,
300 3565 334 3633 id
355 3567 442 3656 quod
462 3569 551 3636 nullo
573 3569 667 3635 modo
689 3569 899 3657 dioiposset,
921 3569 948 3634 si
970 3568 1073 3636 solum
1094 3569 1134 3634 de
1155 3592 1191 3636 re
1213 3591 1282 3657 spe-

243 3766 279 3876 Ἰ)
297 3810 375 3865 Minus
392 3821 465 3881 optus
482 3814 550 3866 onim
567 3817 647 3867 oritur
663 3830 762 3879 sensus,
778 3815 858 3868 niul.
868 3815 1074 3892 αροοδέχιδδοι
1090 3817 1282 3896 interpretum

185 3905 310 3971 ιοοίμοη,
331 3907 452 3974 profiteri,
469 3908 554 3976 gelren
574 3908 664 3976 tasson,
684 3920 711 3962 ut
728 3909 843 3963 Schirl.
861 3929 880 3964 s.
891 3909 949 3962 tv.
985 3909 1089 3962 tocuuo
1105 3910 1170 3962 ssim
1188 3907 1283 3963 λλιιίδα

185 3997 389 4090 προσδέχεσθαι
407 4003 485 4054 etiam
503 4003 569 4070 apud
594 4002 743 4056 Hellenistss
766 4003 801 4069 (ν.
819 4021 841 4055 ο.
863 4002 927 4056 Lxx
946 4003 996 4056 les.
1014 4002 1056 4064 28,
1075 4000 1120 4063 103
1133 4000 1237 4065 trabs,
1254 3998 1284 4067 9)

186 4102 213 4146 et
235 4091 332 4162 spud'
326 4110 394 4164 ipsos
415 4094 535 4150 classicos
552 4096 656 4166 linguas
681 4114 787 4165 ςναοοιο
809 4108 924 4152 suctores
946 4096 1083 4166 reperitur,
1111 4111 1136 4146 v.
1154 4112 1176 4149 ο.
1194 4096 1282 4164 Enrip

186 4184 280 4241 kiesut
304 4202 329 4240 v
355 4186 436 4243 199·
461 4211 506 4246 ινν
530 4191 558 4248 δλ
580 4195 639 4246 τίνα
662 4195 725 4269 βίον
751 4193 844 4248 ἐλπίδα
863 4193 1063 4277 αροδδλχομαι·
1101 4194 1146 4246 eir
1168 4191 1281 4267 Theogn.

164 4295 211 4356 ¹V·
232 4279 323 4333 ¹¹⁴⁰:
317 4283 435 4340 ’λλιιίδα
452 4293 620 4365 προδμινίτο
