2782 4724
704 341 742 404 45

623 430 821 440 *un—u·—

170 574 233 641 per
260 546 393 626 πίστινς
428 547 548 637 quippe
575 545 654 611 fides
683 544 786 611 solum
812 545 991 611 subiectiva
1011 567 1087 632 pers
1108 554 1157 610 est
1177 567 1270 634 rege-

171 667 368 749 necationis,
418 686 500 753 quae
542 662 701 728 obiective
736 660 877 726 efficitur
910 682 970 748 per
1003 661 1271 727 resurrectionem

136 858 140 865 ,
174 785 307 853 Christi.

254 899 408 967 Diximus
430 920 543 985 supra,
580 897 663 962 hano
684 896 863 962 doctrinam
884 895 924 961 de
946 918 1004 983 spe
1024 904 1118 982 parta
1139 919 1177 961 ac
1198 920 1271 963 con·
1311 916 1317 925 ’

172 1019 301 1083 firmata
319 1038 380 1104 per
402 994 523 1092 Christi
543 1013 820 1079 resuscitationem
841 1012 1066 1100 aliquomodo
1088 1012 1176 1078 Petri
1199 1036 1274 1079 esse·
1331 1042 1339 1050 ·

172 1132 339 1222 propriam
369 1154 406 1196 ec
433 1130 639 1218 peculiarem.
681 1129 792 1218 Atque
818 1152 857 1194 ea
884 1128 1014 1217 quidem
1045 1130 1168 1196 rationo
1197 1153 1270 1195 eam

175 1249 307 1315 differre
326 1257 405 1335 puto
428 1271 448 1314 a
468 1246 606 1313 Paulina
626 1246 667 1312 de
688 1246 722 1311 vi
744 1255 777 1312 et
798 1247 915 1312 effectu
936 1246 1181 1313 resurrectionis
1202 1269 1272 1312 sen-

177 1364 295 1447 tentia,
324 1363 409 1452 quod
436 1362 613 1429 secundum
638 1363 721 1428 hanc
747 1363 940 1428 resurrectio
961 1362 1093 1429 Domini
1121 1364 1273 1451 obsignat

178 1491 211 1551 et
233 1479 399 1546 confirmat
418 1479 512 1546 nobis
535 1502 625 1567 spem
645 1477 797 1567 propriae
818 1488 947 1544 nostrae
974 1480 1217 1546 resurrectionis
1237 1482 1272 1565 ¹),

175 1597 253 1663 dum
283 1596 383 1662 Petro
414 1592 512 1671 ἐλπίς
538 1596 608 1679 illa,
648 1595 688 1660 ad
722 1618 820 1683 quam
850 1595 942 1661 Deus
974 1587 1193 1684 regeneravit
1213 1620 1272 1663 nos

176 1713 345 1782 Christum
364 1712 597 1795 resuscitando,
617 1713 731 1777 latiore
753 1700 850 1777 sensu
872 1722 1062 1799 usurpetur,
1084 1714 1130 1779 ita
1150 1723 1186 1778 ut
1204 1696 1288 1802 glo⁰

174 1831 258 1896 riam
284 1830 380 1896 simul
406 1830 580 1895 coelestem
609 1838 783 1917 ceteraque
812 1829 899 1894 bona
924 1837 1054 1894 aeterna
1080 1829 1272 1897 Christianis

175 1948 338 2036 promissa
364 1947 605 2035 complectatur.
648 1946 725 2013 Non
754 1946 840 2012 enim
866 1946 907 2011 ad
934 1947 1181 2012 resurrectionem
1202 1967 1276 2012 uos·
1329 1926 1332 1933 Δ

176 2073 262 2130 tram
291 2073 416 2130 tentum
447 2063 651 2129 referendam
683 2085 754 2137 esse
783 2085 890 2149 spem,
927 2062 967 2128 de
998 2086 1063 2150 qua
1088 2086 1192 2131 sermo
1225 2073 1278 2148 est·

176 2180 306 2248 IPetr.
331 2188 358 2265 l,
381 2186 410 2264 3,
432 2190 519 2246 recte
542 2180 694 2267 probavit
714 2179 852 2246 Weiss.
874 2202 950 2267 pag.
973 2187 1042 2260 301,
1060 2191 1126 2247 not.
1152 2186 1178 2265 1,
1201 2162 1277 2247 con-'

176 2306 229 2364 tra
250 2298 293 2364 D.
316 2298 387 2382 W.‚·
406 2321 436 2364 v.
460 2295 574 2381 cells„
596 2295 865 2385 Baumg.-Crus.,
888 2294 1029 2382 schum„
1052 2297 1197 2381 Steinm„
1219 2299 1272 2365 all.
1292 2372 1296 2377 ,

124 2462 129 2469 .
179 2411 329 2502 Sequens
348 2414 439 2479 =enim
460 2437 573 2511 versus
594 2413 702 2498 docet,
730 2422 831 2481 totam
853 2412 1289 2507 Christianorumslppovo·

177 2528 259 2612 μίαν
279 2532 440 2597 obiectum
460 2553 531 2596 esse
552 2531 646 2597 huius
669 2533 748 2620 spei.
770 2569 811 2580 -
831 2533 982 2599 Alterum
1002 2556 1080 2607 vero
1102 2534 1273 2602 discrimen
1291 2594 1300 2609 .

178 2648 265 2714 inter
283 2647 372 2713 Petri
399 2658 431 2713 et
450 2648 545 2714 Pauli
571 2647 611 2714 de
639 2649 672 2713 vi
694 2650 937 2716 resurrectionis
960 2652 1151 2736 sententias,
1188 2652 1275 2742 quod

177 2764 298 2852 pressit
317 2764 542 2847 Weissins,
563 2764 664 2830 multo
685 2743 846 2831 inferioris
863 2769 1018 2833 momenti
1039 2791 1110 2834 esse
1125 2763 1274 2836 arbitror.

178 2880 277 2962 Quod
298 2881 383 2946 enim
405 2881 458 2947 ille
480 2881 526 2947 ait
547 2881 582 2968 (l.
605 2906 632 2946 c.
654 2905 729 2969 pag.
752 2881 846 2968 300),
870 2906 911 2949 ex
931 2884 1025 2950 Pauli
1046 2887 1207 2953 sententia
1227 2909 1275 2952 re·

129 3064 132 3069 ,
178 2998 423 3086 generationem
443 3019 504 3086 per
523 2997 688 3066 Christum
709 3009 872 3065 mortuum
894 3025 932 3067 ao
957 3013 1173 3069 resurrectum
1202 3003 1275 3069 etle-

178 3122 266 3179 ctam
295 3114 329 3180 in
350 3114 500 3182 cordibus
529 3116 672 3182 fidelium
699 3140 769 3183 esse
799 3118 938 3185 ethicum
968 3114 1128 3208 quendam
1150 3131 1289 3207 actum)-

139 3268 160 3310 ι,
182 3252 250 3318 quo„
270 3230 303 3294 hi
324 3253 390 3296 una
412 3255 485 3297 cum
507 3231 637 3300 Christo
658 3246 832 3325 resurgant
852 3261 894 3304 ex
917 3237 1075 3327 spirituali
1096 3262 1154 3305 sua
1174 3248 1278 3305 morte

178 3346 221 3412 ad
242 3369 360 3413 novam
381 3348 456 3414 fidei
479 3350 587 3434 vitam,
608 3351 641 3417 id
660 3352 753 3418 haud
770 3354 815 3420 ita
834 3356 900 3421 lato
921 3355 1092 3422 intervallo
1111 3381 1131 3422 a
1143 3356 1280 3424 Petrina¹

179 3462 327 3529 doctrina
353 3465 392 3530 de
421 3468 668 3554 regeneratione
695 3493 720 3536 s.
751 3495 837 3537 nova
854 3474 1030 3539 'creatione
1055 3496 1115 3561 per
1140 3476 1276 3542 verbum

177 3578 325 3645 divinum
357 3580 443 3671 (cap.
469 3588 497 3669 1,
519 3584 573 3672 23)
601 3587 720 3653 distare
740 3598 834 3676 puto.
876 3589 950 3656 Etsi
970 3590 1063 3671 enim
1077 3584 1210 3677 Petrus,
1232 3581 1284 3689 ‚⁸i'i

178 3695 301 3763 militer
322 3706 419 3786 atque
440 3701 584 3769 Jacobus
600 3704 643 3790 (1,
658 3709 705 3771 18.
720 3704 775 3792 21)
792 3706 938 3795 inprimis
959 3709 1077 3796 premit
1096 3712 1282 3777 volantattm'

142 3806 146 3811 ’
179 3822 212 3878 et
234 3814 500 3907 omnipotentiam
517 3818 669 3904 divinam,
692 3845 756 3918 qua
777 3824 834 3888 fiat
855 3826 1057 3912 regeneratio
1079 3803 1167 3895 ista'i
1185 3821 1283 3894 mini-'

177 3952 229 3997 me
242 3920 366 3997 ''tamen
394 3916 521 4000 omnem
547 3937 685 4005 hominis
712 3940 909 4008 activitatem
935 3942 968 4010 in
990 3943 1046 4011 illa
1062 3934 1153 4011 'vitae
1175 3936 1284 4035 transJ'

180 4299 197 4351 ⁴
228 4208 271 4352 Μ’)
288 4206 359 4295 aem.
377 4210 402 4275 e.
416 4210 462 4276 11;
481 4212 494 4263 1
514 4212 572 4268 cor.
589 4213 615 4280 6,
630 4214 678 4280 us
700 4219 738 4283 15,
753 4221 795 4274 so.
814 4220 861 4285 2¹5
880 4222 904 4274 11
922 4219 981 4291 cor.
999 4222 1075 4287 stt.
1095 4209 1143 4290 ¹⁴}
1161 4221 1173 4276 1
1191 4180 1287 4315 russi

198 4336 206 4362 ‚
276 4312 325 4356 esc·
1270 4310 1273 4315 ’
