2782 4724
687 327 727 400 611

607 419 806 436 h———u—

160 540 221 613 etsi
251 530 465 634 promissione
492 534 615 608 divina
630 551 718 610 certo
745 530 840 610 nohis
870 542 947 609 data
973 553 1006 610 et
1025 538 1085 632 Sp.
1107 552 1190 610 soto.
1212 538 1262 611 fir·

159 654 302 761 missime
334 662 428 729 nobis
450 661 623 749 obsignata
644 660 702 744 sit,
731 658 953 746 pricnipaliter
973 669 1083 726 tamen
1105 670 1156 727 est
1178 661 1263 737 obis

160 781 248 846 ctum
269 778 430 867 sperandi.
473 776 558 844 Vide
578 779 651 847 Jao.
667 780 750 860 2,5;
773 774 968 863 κληρονομία
987 779 1047 866 τῆς
1067 774 1262 861 βασιλείας,

126 888 135 903 ’
158 889 274 963 I‘Cor.
297 901 325 975 6,
336 896 366 969 9.
389 889 430 961 10
439 919 447 980 3
473 899 519 977 15,
536 900 596 979 50,
618 893 691 961 Gal.
714 898 744 978 5,
762 899 821 977 21,
842 893 926 980 Eph.
949 897 978 978 5,
998 897 1036 978 53
1065 894 1143 960 item
1166 894 1261 962 Rom.

159 1013 263 1096 4,'13;'
282 1012 367 1100 Eph.
391 1015 478 1095 1,14
503 1006 577 1099 (Sp.
601 1021 698 1076 sctus.
720 1019 770 1076 est
792 999 949 1143 ἄρ’ῥαβών
968 1010 1025 1098 τῆς
1046 1008 1263 1098 κληρονομίας

157 1112 281 1264 ημῶν),
306 1128 376 1196 Col.
398 1134 509 1212 3,;24
538 1114 735 1212 εἰδίπες,“
714 1151 769 1194 οτι
797 1118 867 1194 dard
893 1125 1008 1215 κυρίου
1033 1118 1277 1216 &collocata

157 1242 215 1331 νην
249 1234 472 1311 ἀνταπόδοσιν
509 1244 567 1328 τῆς
604 1241 841 1331 κληρονομίας,
884 1245 987 1361 Hehr.
1012 1250 1038 1330 1,
1061 1246 1119 1324 143
1145 1249 1177 1324 9,
1202 1247 1261 1330 153
1303 1323 1306 1345 Ι

160 1340 481 1446 Ileti.1,4;3,.7
505 1366 535 1427 9.

151 1478 153 1485 ’
241 1480 312 1544 Iam
332 1478 464 1565 proprie
486 1476 617 1566 quidem
636 1500 675 1542 ac
695 1476 920 1564 principaliter
938 1475 1189 1564 κληρονομία
1160 1475 1260 1563 srgn'i·
1285 1546 1288 1553 ,

70 1586 88 1619 ”
161 1597 237 1663 licat
263 1592 399 1682 κλῆρον,
434 1595 455 1660 1.
482 1618 510 1661 e.
545 1605 664 1661 sortem
693 1618 718 1661 s.
746 1595 928 1682 portionem
962 1594 996 1660 in
1035 1595 1138 1660 salute
1167 1594 1262 1682 regni

159 1711 316 1778 Messiani
354 1719 442 1778 certo
470 1713 563 1778 nohis
592 1712 785 1815 promissam
810 1735 830 1777 a
857 1709 941 1793 Deo.
983 1710 1037 1778 Ad
1067 1710 1151 1776 hane
1180 1732 1263 1792 varo

159 1829 324 1895 notionem
361 1827 513 1894 vocabuli
551 1827 638 1916 apud
675 1828 814 1893 Paulum
851 1827 976 1893 accedit
1010 1828 1074 1894 alia
1099 1827 1264 1925 quasdam

159 1945 324 2032 aliquanto
348 1945 489 2011 strictior
509 1969 547 2013 ac
562 1944 732 2028 definitior,
755 1967 819 2032 qua
838 1944 970 2032 proprie
992 1943 1155 2031 significat
1174 1944 1263 2011 λουο-

62 2071 64 2074 ’
128 2080 131 2098 ¹
160 2061 280 2127 ditatam
299 2060 336 2148 ¹).
357 2061 454 2128 Hanc
480 2063 646 2128 notionem
665 2061 787 2129 Paulus'
813 2061 859 2126 ita
880 2061 1049 2148 coniungit
1070 2074 1144 2156 curn
1164 2078 1263 2150 pecu·

156 2179 228 2245 licii
259 2202 317 2244 sua
346 2178 386 2244 de
401 2177 587 2266 'adoptione
615 2178 771 2261 doctrina,
797 2182 833 2244 ut
854 2177 1055 2245 Christianos
1084 2167 1262 2265 adoptione

157 2295 243 2362 dicat
270 2296 405 2362 heredes
426 2296 492 2362 Dei
517 2304 551 2362 et
572 2295 746 2361 coheredes
768 2293 891 2361 Christi
915 2317 986 2360 esse
1007 2286 1110 2361 factos
1132 2319 1140 2361 r
1160 2295 1260 2387 Rom.

155 2416 260 2495 8,17;
293 2410 367 2478 Gal.
395 2417 424 2494 3,
445 2416 506 2489 29;
527 2417 557 2496 4,
574 2413 602 2477 7.
634 2416 778 2476 28-30.
832 2407 939 2491 Quem
964 2411 1109 2477 idearum
1136 2422 1260 2482 nexum

70 2601 74 2614 .
156 2528 298 2594 alienum
317 2549 388 2617 esse
410 2526 541 2594 aPetro
564 2537 651 2593 recte
673 2527 813 2595 ostendit
833 2526 978 2595 Weiss.
999 2550 1077 2615 pag.
1100 2529 1139 2592 73
1159 2550 1258 2617 squu.

157 2641 315 2711 Similiter
348 2641 435 2708 enirn
462 2653 560 2732 atque
588 2643 622 2709 in
652 2643 791 2730 epistola
817 2643 858 2709 ad
879 2641 1060 2718 Hebraeos¹
1077 2643 1191 2713 fideles
1213 2642 1261 2710 di·

156 2770 274 2827 cuntur
310 2760 429 2827 hahere
461 2760 624 2826 civitatem
659 2761 693 2826 in
725 2759 832 2844 coelis,
861 2782 946 2848 quae
974 2782 1053 2826 vera
1080 2760 1122 2826 sit
1149 2761 1261 2847 patria

156 2901 268 2944 eorum
300 2878 418 2964 (Hehr.
444 2883 491 2961 11,
515 2883 562 2942 10.
587 2881 644 2955 16;
668 2882 716 2960 12,
739 2882 798 2960 22,
823 2873 965 2960 13,14),
1005 2875 1119 2941 etiam-
1136 2874 1261 2943 Petrus

157 2995 278 3060 electos
312 3003 408 3059 vocat
444 2981 705 3080 παρεπιδήμους
735 2992 767 3078 (Ι
793 2991 882 3059 Patr.
918 2996 997 3076 1,1;
1019 2996 1122 3074 2,11,
1144 2991 1204 3058 cfr.
1230 2998 1260 3078 1,

158 3110 227 3198 17),
249 3111 280 3177 h.
303 3133 331 3176 e.
353 3110 494 3176 viatores
515 3134 541 3175 s.
562 3102 753 3196 peregrinos
776 3104 997 3193 (παροίκους),
1019 3120 1261 3196 quarum·rera

156 3229 264 3314 patria
289 3226 331 3292 sit
351 3227 384 3292 in
406 3227 507 3292 coelo.
549 3225 651 3290 Nulla
670 3247 749 3290 vero
772 3224 905 3290 aliaest
925 3224 1005 3290 haec
1025 3224 1134 3310 patria
1154 3226 1261 3293 coels-

157 3344 231 3426 stis,
262 3343 326 3408 nisi
347 3338 543 3429 κληρονομία
569 3341 643 3424 issa,-
662 3340 702 3406 de
725 3334 790 3428 qua
817 3341 963 3429 loquitur
981 3362 1052 3427 cap.
1076 3344 1103 3423 1,
1117 3347 1139 3436 4
1153 3338 1194 3424 ²).
1216 3378 1261 3390 -

157 3459 231 3523 Hac
252 3458 354 3544 igitur
376 3458 500 3524 ratione
522 3456 696 3523 cohaerent
715 3457 865 3522 notiones
887 3456 926 3522 de
948 3454 1147 3542 κληρονομίᾳ
1161 3467 1196 3523 et
1217 3458 1260 3526 de

28 3579 33 3591 ’
155 3575 422 3670 'peregrinatione
449 3575 626 3640 electorum
651 3574 799 3639 interra
829 3573 1006 3639 secundum
1025 3573 1117 3639 Petri
1137 3574 1259 3643 doctri·
1301 3602 1306 3610 ·

155 3693 240 3757 iram.
291 3688 415 3758 Contra
448 3715 608 3780 nusquam
643 3691 695 3757 hic
730 3692 896 3778 apostolus
931 3692 1127 3785 mentionem
1152 3690 1260 3783 iniieit

227 4000 247 4068 ¹)
265 3999 301 4052 lta
331 4000 356 4050 in
371 3998 548 4053 ¹classicorum
577 4015 678 4071 quoque
699 3999 802 4066 linguas
824 3986 937 4054 Graecae
969 3987 1099 4054 auctorum
1130 3970 1259 4057 sermono.

155 4092 187 4149 V.
204 4084 323 4157 lllcalr,
351 4093 396 4146 der
414 4093 522 4145 Bricla.
540 4093 564 4146 d.
582 4092 665 4146 llcbr..
683 4092 710 4147 T.
730 4091 765 4157 11,
786 4110 843 4164 pag.
861 4093 903 4146 82.

224 4207 317 4279 ¹.)Clr
342 4211 450 4264 Wcils.
469 4226 527 4281 pag
545 4208 581 4263 29
598 4223 624 4265 ct
642 4200 691 4278 73
718 4208 937 4282 &clamarem
964 4211 1165 4285 disqursrtroms
1159 4229 1184 4266 m
1202 4200 1257 4268 dlv·

158 4314 239 4372 apost.
258 4305 512 4376 Panticapaeum
530 4307 685 4376 prooemium
704 4323 761 4404 pap.
778 4294 821 4360 21.
