2782 4724
591 265 790 394 ...0,

145 512 195 571 001
222 503 386 570 sollemnis
411 503 446 569 in
475 500 623 585 1110,
663 523 728 589 quo
755 499 811 566 de*
826 500 899 566 Deo
919 498 1096 587 'rebusque
1123 497 1245 565 divinis

144 619 381 710 praedicantur.
406 657 441 673 -
464 618 578 685 Priore
605 616 700 683 modo
727 617 863 683 verbum
892 613 1022 696 ἐλπίζω
1051 624 1245 702 usurpatum

144 744 194 802 eat
214 759 223 801 ε
244 734 324 802 Luc.
347 741 375 819 6,
391 742 447 814 343
470 741 519 820 23,
536 742 571 819 83
592 735 629 800 ΙΙ
650 732 725 801 Gor.
751 738 777 816 1,
795 738 850 810 133
872 734 901 814 5,
918 737 974 816 113
996 733 1075 815 8,5;
1104 736 1152 815 13,
1171 733 1245 817 6;Ι

145 854 230 921 Tim.
253 859 281 937 6,
300 855 347 918 17.
391 852 448 920 Sic
470 853 655 940 praecipue,
676 853 731 918 ubi
753 830 1034 939 apostolus'spem
1056 873 1147 916 suam
1170 873 1245 916 cum

143 971 352 1060 epistolarum
384 992 514 1035 suarum
541 971 716 1036 lectoribus
743 969 976 1050 communicat,
1008 969 1078 1034 fore
1100 977 1138 1033 ut
1165 991 1245 1034 mox

145 1087 216 1175 ip‘se
238 1087 280 1153 ad
301 1108 357 1152 eos
377 1087 497 1169 veniat,
517 1088 571 1152 vel
593 1109 653 1174 per
674 1086 805 1174 aliquod
826 1095 954 1173 tempus
976 1085 1065 1172 apud
1086 1107 1142 1150 eos
1159 1086 1246 1150 com-¹

145 1213 290 1271 moretur
311 1227 318 1268 :
340 1202 434 1269 Rom.
453 1206 500 1285 15,
515 1208 572 1282 243
593 1204 611 1268 Ι
633 1201 775 1284 coare,
791 1204 826 1284 7,
848 1203 905 1267 cfr.
927 1202 1011 1267 Phil.
1036 1205 1205 1285 2,19.23;
1227 1201 1245 1268 I

144 1321 229 1388 Tim.
252 1325 356 1410 3,14;
386 1321 423 1387 Π
443 1321 520 1389 Joh.
545 1325 602 1399 123
630 1321 684 1388 ΙΠ
705 1319 780 1388 Joh.
807 1324 854 1384 14.
875 1355 917 1368 -
936 1320 988 1385 110
1008 1340 1126 1384 nomen
1146 1307 1248 1394 ἐλπίς

144 1438 185 1504 de
215 1460 323 1504 rerum
352 1438 554 1503 terrestrium
584 1447 616 1503 et
637 1447 843 1503 externarum
870 1435 1144 1522 exspectatione:
1168 1433 1246 1502 Act.

148 1557 261 1637 16,19;
281 1553 398 1638 27,20;
420 1552 625 1637 1001.9,10.
646 1584 688 1603 ›-
710 1553 913 1640 Quocunque
935 1552 1002 1616 alio,
1016 1552 1089 1619 loco
1110 1551 1246 1637 legitur,

146 1669 349 1735 sublimiores
370 1679 403 1734 et
424 1670 551 1736 divinas
575 1693 627 1736 res
650 1676 790 1758 spectat,
802 1671 858 1734 'ita
877 1677 995 1751 tamen,
1017 1677 1054 1734 ut
1073 1669 1158 1735 varii
1179 1669 1246 1735 sint

144 1787 267 1874 gradus
288 1786 383 1852 huius
405 1787 475 1874 spei
496 1787 678 1874 religiosae.
722 1788 763 1852 V.
786 1810 856 1874 cap.
881 1808 1028 1874 sequens.
1145 1808 1146 1811 ¹

226 1904 301 1970 Hoc
322 1904 393 1968 loco
412 1902 517 1969 adhuc
532 1903 757 1969 excutiendam
773 1912 851 1990 puto
868 1903 1100 1991 quaestionem,
1123 1901 1247 1989 deque

15 2010 18 2015 ’
145 2018 223 2084 satis
243 2020 354 2085 multis
376 2019 484 2086 verbis
507 2019 720 2107 disceptatum
743 2029 793 2085 est
811 2019 897 2084 inter
911 2019 954 2084 N.
964 2018 1015 2084 Ti.
1037 2018 1245 2104 interpretes,

144 2145 252 2202 utrum
275 2137 343 2202 scil.
365 2139 559 2204 vocabulum
584 2125 683 2212 ἐλπίς
709 2158 837 2223 semper
868 2135 1029 2221 significet
1050 2155 1144 2221 apem
1163 2143 1246 2199 tam·

144 2275 244 2342 qnam
265 2254 413 2337 habitum
433 2279 458 2320 s.
482 2277 611 2320 sensum
632 2253 746 2334 animi,
775 2277 817 2317 an
844 2253 1006 2317 interdum
1026 2250 1123 2316 etiam
1145 2273 1246 2317 sensu

143 2371 308 2436 obiectivo
330 2371 575 2458 intelligendum
598 2370 652 2452 sit,
673 2352 714 2435 de
736 2392 784 2451 eo,
808 2369 894 2457 quod
916 2377 1075 2456 speratur.
1097 2404 1138 2416 -
1159 2368 1246 2435 Fue·

143 2493 220 2550 runt
245 2486 348 2568 enim,
381 2486 437 2573 qui
464 2508 536 2551 voc.
566 2478 661 2560 ἐλπίς
688 2505 757 2552 non
785 2486 888 2550 solum
916 2485 1011 2552 Rom.
1034 2491 1063 2567 8,
1086 2491 1145 2562 24;
1175 2470 1245 2552 Tit.

142 2609 170 2686 2,
196 2609 249 2686 133
278 2601 349 2669 001.
374 2607 401 2685 1,
418 2604 452 2686 ὃς
482 2601 556 2670 Gal.
579 2604 607 2686 5,
624 2603 659 2679 5;
687 2601 788 2667 Hebr.
809 2606 909 2686 6,18,
940 2602 997 2669 sed
1026 2603 1123 2668 etiam
1155 2600 1244 2690 Eph.

103 2705 105 2711 '
145 2724 170 2802 l,
189 2723 243 2795 183
270 2718 397 2784 IPetr.
421 2723 519 2802 1,13;
548 2716 622 2785 Act.
646 2725 695 2802 24,
719 2721 755 2783 15
784 2719 945 2785 obiectivo
975 2720 1030 2785 illo
1052 2726 1156 2785 ¹sensu
1177 2742 1244 2806 ,per

45 2906 46 2911 ,
142 2837 191 2919 id,
213 2835 299 2924 quod
321 2845 484 2923 speratur,
511 2835 740 2923 explicandum
760 2858 831 2902 0000
853 2845 1033 2917 censerent,
1055 2845 1092 2901 ut
1115 2835 1244 2920 Grot,

141 2953 236 3035 Est,
258 2952 437 3036 Aretias,
459 2953 637 3041 Bangel,
654 2950 1243 3040 Olsh.‘all.-EcontraMcycrus

142 3071 183 3137 ad
214 3070 299 3158 Eph.
322 3076 349 3152 1,
377 3075 413 3134 18
450 3071 547 3156 (edit.
578 3069 724 3157 prima),
763 3093 893 3135 sensum
928 3069 1124 3136 obiectivum
1151 3071 1243 3136 nullo

87 3232 89 3236 -
142 3189 271 3257 illorum
291 3189 436 3254 locorum
457 3210 633 3275 agnoscere
656 3187 805 3270 volebat,
829 3187 889 3253 etsi
910 3187 944 3253 in
966 3189 1068 3253 altera
1090 3187 1242 3270 editione,

140 3287 219 3372 item
239 3305 274 3370 in
294 3304 502 3390 explicandis.
518 3304 598 3369 locis
619 3303 713 3370 Rom.
737 3309 765 3386 8,
781 3309 838 3386 243
870 3303 941 3372 001.
967 3311 994 3387 l,
1012 3308 1060 3386 15,
1082 3305 1245 3372 ,00111011-

77 3405 81 3412 ’
143 3436 195 3486 am
222 3421 380 3520 rationem
409 3421 565 3509 sequitur.
618 3421 663 3486 Et
691 3421 762 3487 iure
790 3422 939 3510 quidem,
978 3431 1016 3486 ut
1048 3423 1173 3508 opinor.
1203 3461 1240 3472 -—

142 3535 228 3605 Nam
258 3534 323 3603 uno
351 3539 479 3635 saltem·
493 3540 638 3605 locorum
664 3538 793 3604 illorum
814 3563 822 3605 :
844 3538 909 3603 Tit.
933 3540 1035 3621 2,13,
1062 3538 1152 3605 nulla
1179 3539 1243 3604 alia

143 3654 316 3745 explicatio
338 3655 475 3743 cogitari
496 3664 620 3744 potest)
643 3655 706 3720 nisi
728 3654 902 3737 obiectiva,
924 3655 970 3720 ita
991 3664 1027 3720 ut
1048 3649 1144 3731 ἐλπὶς
1163 3655 1195 3720 h.
1218 3655 1241 3721 l.

143 3772 249 3855 sitid,
269 3773 358 3862 quod
380 3783 539 3862 speratur.
583 3771 693 3853 Quum
715 3772 801 3837 enim
820 3771 874 3838 hic
892 3772 1030 3839 verbum
1043 3762 1244 3859 προσδέχεσ-

143 3893 207 3955 θαι
228 3890 309 3957 duos
331 3890 531 3958 accusativos
553 3898 647 3976 regat
668 3913 675 3954 :
696 3883 753 3976 τήν
771 3885 938 3975 μακαρίαν
958 3885 1085 3974 1111ίᾷ0
1106 3888 1244 3957 011111-

141 3996 295 4094 φάνειαν,
345 4030 483 4098 quorum
520 4007 602 4072 alter
634 4006 755 4072 indicat
787 4006 950 4100 obiectum
978 4008 1242 4097 exspectationis,

142 4149 260 4217 nempe
281 4126 426 4194 futurum
446 4124 581 4191 Domini
604 4124 789 4208 adveutum,
810 4147 943 4190 necesse
965 4134 1014 4191 001
1035 4125 1124 4213 prior
1146 4125 1243 4193 etiam

149 4244 352 4313 accusativus
386 4242 564 4330 accipiatur
596 4266 656 4331 pro
694 4243 820 4311 obiecto
855 4243 947 4310 verbi
981 4238 1243 4328 προσδέχεσθαι.
