2782 4724
708 306 748 372 73

171 521 223 588 dit
252 514 367 584 auctor
398 539 469 582 eam
497 539 563 582 non
592 538 661 582 esse
689 497 864 594 mortuam,
893 517 950 583 sed
977 518 1086 585 vivam
1150 504 1273 588 ἐλπίδα

175 637 297 719 ζῶσαν,
318 642 356 699 nt
376 642 473 711 uocat
485 633 602 698 Petrus
623 633 657 698 in
670 633 779 720 priore
801 655 859 698 sua
881 657 932 720 ep.
949 657 1019 722 cap.
1046 642 1071 719 l,
1086 642 1115 702 3.
1153 638 1274 704 Veram

178 752 393 822 enimsshuius
425 751 571 816 attributi
603 750 669 815 vim
696 772 766 815 esse
795 773 866 815 eam
878 801 887 834 ,
916 736 1003 838 quod
1030 753 1118 818 vitae
1144 766 1274 822 nostrae

177 858 324 936 interiori
359 867 502 934 animum
535 890 573 931 ac
605 867 753 953 vigorem
781 867 937 954 praebere
968 868 1094 934 dicatur
1122 893 1213 958 spes,
1242 872 1275 938 id

175 987 247 1054 scil.
271 984 451 1067 efficiendo,
472 994 518 1068 ut,
541 985 628 1073 quod
650 1008 669 1050 a
688 984 762 1050 Deo
783 994 947 1073 petamus,
961 985 1063 1051 ¹facile
1086 996 1118 1052 et
1140 987 1275 1053 efficaci-

171 1114 227 1170 ter
258 1102 485 1191 impetremus,
517 1111 605 1197 recte
634 1101 774 1169 ostendit
801 1100 946 1169 Weiss.
976 1101 1023 1189 (p.
1055 1108 1109 1186 92,
1139 1112 1205 1168 not.
1228 1103 1273 1190 2),

171 1231 288 1288 contra
302 1218 502 1287 indefinitam
525 1241 562 1284 ac
583 1219 679 1284 nimis
694 1219 889 1307 generalem,
912 1243 1007 1307 quam
1028 1220 1080 1285 De
1095 1220 1152 1286 W.
1175 1215 1272 1305 dedit,

158 1337 427 1427 explicationem
446 1334 482 1422 ¹).
525 1335 620 1401 Hane
649 1359 727 1402 vero
765 1323 942 1402 efficaciam
978 1336 1047 1424 spei
1081 1336 1273 1402 christianae

173 1454 326 1543 inprimis
346 1476 449 1520 novae
469 1452 555 1518 vitae
570 1475 630 1539 per
650 1452 788 1540 gratiam
811 1453 1031 1540 evangelicam
1054 1454 1180 1520 oblatae
1203 1476 1273 1518 esse

173 1572 307 1660 signum
328 1594 365 1636 ao
379 1571 528 1651 fructum,
550 1592 654 1658 eoque
665 1570 783 1656 ,vigore
798 1570 1000 1657 potissimum
1018 1594 1109 1658 spem
1129 1580 1273 1637 nostram

173 1690 309 1757 differre
335 1709 353 1753 a
382 1710 438 1775 spe
468 1687 596 1774 piorum
623 1686 664 1752 V.
687 1686 739 1752 Ti.
768 1685 839 1775 (qui
870 1688 963 1774 quasi
984 1688 1081 1775 longo
1103 1689 1274 1755 intervallo

173 1808 217 1874 ab
251 1795 377 1871 obiecto
409 1805 551 1892 itemque
583 1803 623 1868 ab
662 1812 792 1869 auctore
827 1803 1104 1890 exspectationum
1143 1828 1272 1870 suarum

124 1959 130 1965 ·
174 1924 289 1992 abesse
311 1921 533 2009 videbantur),
554 1921 715 1987 indicatur
734 1920 900 1986 vocabulis
922 1909 1134 2007 dvuydwpooc
1156 1916 1204 1996 εἷς
1224 1919 1273 1985 ε’λ-

173 2037 262 2106 πίία
285 2026 407 2122 ζῶσαν,
437 2039 477 2104 ad
504 2047 623 2104 statum
644 2046 807 2104 recentem
829 2060 866 2102 ac
888 2036 994 2103 denuo
1016 2046 1160 2103 creatum
1180 2036 1273 2105 Chri·

129 2132 137 2141 *
174 2159 354 2223 stianorum
375 2156 603 2222 alludentibus.
856 2150 858 2155 ’

256 2279 287 2339 4.
332 2272 398 2341 Sed
427 2298 517 2362 spem
545 2296 622 2338 vere
649 2272 856 2338 christianam
884 2279 1012 2360 oportet
1033 2271 1130 2337 etiam
1152 2283 1272 2337 cautam

125 2462 127 2467 ,
172 2415 246 2460 esre
266 2415 304 2458 ac
325 2392 481 2475 sobriam,
502 2414 544 2457 ne
566 2391 701 2457 nimium
723 2414 757 2457 se
779 2391 947 2487 extendat,
969 2391 1021 2455 vel
1043 2390 1123 2456 adeo
1145 2413 1197 2456 res
1218 2412 1272 2456 ve

171 2509 250 2576 titas
279 2508 392 2574 aDeo
424 2517 568 2597 expetat.
614 2506 718 2602 Simul
748 2508 778 2573 ei
799 2508 944 2574 cavenda
965 2516 1015 2573 est
1035 2508 1153 2574 inertia
1174 2517 1272 2597 atque

139 2616 321 2717 ‘pigritia
350 2649 392 2691 ne
413 2624 447 2691 in
468 2625 664 2692 desidiosum
684 2625 774 2690 illum
795 2622 987 2714 languorem
1007 2626 1202 2709 incidamus,
1231 2624 1272 2691 ad

172 2767 271 2834 quem
297 2765 461 2831 propensa
488 2744 570 2808 solet
598 2765 668 2807 esse
697 2764 771 2807 caro
802 2751 930 2826 nostra,
960 2744 1145 2832 ubieunque
1174 2744 1272 2810 semel

170 2883 265 2928 mora
287 2859 414 2947 decepti
436 2859 531 2925 nimis
553 2859 650 2946 longe
673 2859 785 2925 abesse
808 2859 993 2946 opinamur,
1017 2868 1101 2949 qu'ae
1123 2861 1272 2949 expecta

171 2978 289 3044 vimus.
314 2977 442 3064 (Matth.
458 2983 507 3062 24,
524 2983 580 3062 483
603 2981 652 3061 25,
677 2976 802 3064 1--13).
841 2976 952 3058 Quare
965 2978 1082 3044 Petrus
1105 2972 1270 3066 (I,·1,13)

172 3095 269 3163 simul
302 3096 503 3161 commendat
535 3096 725 3203 sobrietatem
762 3104 794 3160 et
820 3096 1016 3183 vipilantiam
1050 3096 1084 3160 in
1112 3093 1271 3182 sperando

171 3203 251 3297 (Ani
275 3201 523 3294 ἅναζωσᾶμενοι
550 3203 611 3287 τάς
637 3201 769 3299 ὀσφύας
790 3209 845 3298 τῆς
867 3210 1015 3289 διανοίας
1037 3207 1128 3295 ὑμῶν
1146 3207 1270 3304 νήφον-

170 3351 237 3408 τες,
258 3326 395 3405 τελείως
416 3325 574 3395 ἐλπίσατε
596 3328 662 3394 κτλ.
680 3333 725 3408 2),
747 3329 830 3394 sieut
851 3329 920 3416 ipse
941 3330 1102 3396 Dominus
1123 3330 1271 3428 pluribus

248 3605 270 3672 ¹)
289 3603 447 3672 „Hoffnung,
470 3603 570 3657 welche
592 3602 676 3656 Leben
699 3603 724 3655 in
748 3604 799 3656 sich
823 3603 878 3667 hrt,
898 3568 983 3657 Leberi
1005 3592 1059 3676 gibt
1081 3607 1131 3660 und
1155 3607 1271 3679 rugieieh

172 3691 259 3750 [eben
278 3714 333 3749 zum
343 3696 517 3767 Gegenstande
534 3697 601 3752 hat.“
617 3724 645 3738 -
663 3694 740 3769 Multo
757 3699 845 3751 meiius
863 3696 964 3752 Morus
980 3699 1158 3770 iuterpretatur
1168 3702 1269 3755 tuerere

174 3806 231 3858 aper
249 3791 348 3855 efficax,
367 3808 431 3863 quae
449 3791 593 3887 tranquillat
610 3795 718 3885 animum
736 3802 762 3846 et
779 3791 872 3863 gaudio
889 3809 984 3846 summo
1002 3794 1087 3848 afficit.
1137 3816 1139 3820 ⁴
1166 3798 1180 3828 ’-

245 3910 266 3980 ²)
282 3909 320 3964 De
337 3927 399 3963 vera
417 3912 490 3965 huius
507 3892 557 3966 loci
575 3894 748 3982 explicatione
759 3912 819 3967 vide
835 3913 943 3967 Weiss.
960 3933 984 3984 p.
997 3911 1039 3965 94.
1049 3912 1092 3966 95.
1128 3912 1270 3968 Tenendum

176 4014 214 4057 est
231 4006 405 4069 antemnis,
431 4009 545 4075 particip.
563 4000 683 4080 νῆφοιτες
707 4009 860 4077 spirituatem
885 4010 994 4062 indicare
1018 4011 1179 4083 sobrietatem
1197 4009 1270 4062 etad

175 4099 268 4179 tintda
286 4098 379 4160 tantum
399 4117 455 4154 esse
472 4101 645 4167 referendum,
665 4110 714 4156 no'n
733 4104 766 4156 ad
784 4106 897 4173 eorporis
915 4107 1035 4172 vitaeque
1053 4113 1174 4158 externae
1193 4096 1270 4171 caati{

175 4203 251 4248 tatem
268 4210 298 4247 ao
315 4195 483 4250 sobrietatem.
519 4196 549 4247 V.
570 4212 590 4250 o.
608 4214 638 4251 ea
657 4197 761 4252 dicenda
778 4199 844 4253 toret
861 4215 919 4267 apes
935 4197 1071 4252 sobrietate
1088 4215 1185 4262 carens,
1206 4196 1271 4270 quae

175 4278 258 4343 inania
284 4291 422 4344 somniaret
449 4289 480 4343 de
507 4301 611 4346 externo
638 4287 709 4363 regni
730 4293 846 4347 Merriani
876 4291 1010 4361 splendore
1038 4295 1078 4348 vet
1102 4280 1135 4348 de
1155 4278 1271 4363 perusiae
