2782 4724
681 303 724 363 2,

232 507 273 575 In
295 506 338 573 N.
360 505 421 573 To.
448 512 526 574 ver'o
542 505 713 573 ‘voeabula
740 494 838 582 ἐλπίς
851 495 1042 586 οῖ’ἑλπίζω
1064 529 1192 595 semper
1214 509 1248 574 in

18 683 20 687 .
148 623 266 693 bonam
297 632 421 713 partem
447 634 660 714 usurpantur,
692 647 799 713 neque
827 624 951 690 medius
981 625 1111 715 quidem
1132 649 1249 692 sensus

148 766 292 832 unquam
313 743 359 808 eis
381 743 527 826 obvenit,
557 766 595 807 ae
617 741 644 806 si
664 740 845 828 generatim
865 741 1050 828 significent
1071 764 1181 807 rerum
1203 743 1251 807 fu·

149 869 295 925 turanum
311 860 594 946 exspectationem,
618 881 700 946 quae
715 860 768 924 vel
781 880 936 946 prospere
953 859 1007 923 vel
1028 860 1111 924 male
1132 859 1251 926 eadere

147 976 283 1065 possint.
339 977 430 1058 Nam}
457 997 517 1041 neo
546 976 621 1041 Aet.
645 980 692 1058 16,
717 979 754 1055 ,19
780 1000 788 1041 ε
824 969 844 1061 ἦ
872 965 968 1050 ἐλπίς
1000 977 1056 1061 τῆς
1090 967 1250 1063 ἐργασίας

148 1084 264 1177 αὐτῶν,
286 1117 347 1159 neo
368 1094 385 1159 Ι
401 1092 517 1176 Gor.9,
532 1098 570 1156 10
586 1115 593 1156 :
609 1080 771 1179 α’ροτριᾶν
784 1079 837 1157 ἔπ’
851 1082 965 1160 ἐλπίδι
985 1095 1095 1160 valere
1110 1106 1250 1181 possunt

148 1183 188 1277 ad
211 1210 424 1299 evincendum
443 1210 542 1300 talem
563 1194 714 1300 medium,
727 1199 867 1292 sensum,
887 1210 965 1276 lieet
986 1207 1199 1287 Sohirlitz.
1214 1214 1249 1278 in

147 1330 212 1395 lex.
235 1328 276 1394 ad
297 1327 341 1392 N.
363 1326 403 1392 Τ.
426 1349 458 1392 v.
480 1315 576 1403 ἐλπίς
595 1326 656 1391 hoo
678 1326 828 1414 opinatus
851 1349 921 1392 esse
943 1327 1101 1394 videatur.
1124 1330 1249 1396 -Iam

148 1444 175 1511 si
207 1434 335 1524 ἐλπίζω
350 1444 485 1532 »ubique
513 1455 562 1510 est
589 1447 661 1510 heae
690 1468 821 1531 sperare
846 1454 880 1511 et
915 1434 1012 1521 ἐλπίς
1045 1464 1173 1533 semper
1206 1448 1248 1513 de

147 1563 237 1628 bono
264 1572 298 1628 et
332 1565 498 1649 prospero.
521 1584 630 1626 rerum
652 1532 857 1627 ⁸futurarum.
879 1571 998 1648 eventu
1031 1563 1247 1650 praedicatur,

146 1677 327 1744 contrariae
348 1687 485 1767 possunt
505 1701 577 1744 esse
598 1679 747 1751 notiones
761 1680 814 1744 vel
828 1679 989 1761 metuendi,
1008 1680 1062 1744 vel
1076 1681 1263 1765 dubitandi,-

146 1795 200 1869 'vel
213 1796 463 1881 desperando'.-
473 1795 581 1862 Metus
596 1818 724 1882 semper
737 1795 806 1861 fere
822 1818 860 1861 ae
881 1796 1062 1862 necessario
1084 1805 1134 1861 est
1146 1798 1246 1865 'notio

52 1898 59 1903 ”
100 1914 104 1918 ’
146 1912 296 2001 opposita
308 1913 414 1979 bonae
428 1913 510 2002 spei,-
532 1913 683 2002 quoniam
698 1913 754 2001 qui
775 1913 919 1979 nondum
939 1922 1054 1979 nactus
1076 1921 1135 1996 est,
1157 1915 1247 2001 quod

148 2027 329 2123 exspectat,
350 2030 595 2120 privari-potest
609 2032 660 2097 his
672 2031 767 2097 bonis
788 2032 926 2118 speratis
948 2040 980 2097 et
1001 2054 1060 2118 spe
1082 2054 1140 2096 sua
1162 2031 1243 2098 falli.

146 2144 295 2213 Metuere
333 2148 450 2235 igitur
466 2151 657 2238 plerumque
692 2159 724 2214 et
756 2148 979 2238 principaliter
1016 2148 1137 2236 opponi
1175 2171 1247 2236 spe-

146 2265 266 2349 rando,
293 2265 371 2333 lieet
398 2289 472 2332 non>
492 2267 612 2333 diserte
642 2267 843 2355 exprimatur
864 2265 1125 2332 contrariahaeo
1143 2266 1245 2349 notio,

144 2382 285 2448 maxime
312 2384 431 2448 exeis
453 2381 533 2448 lo'ois
554 2383 591 2448 fit
611 2371 834 2470 perspicuum,
864 2382 920 2447 ubi
941 2404 1006 2447 una
1028 2405 1101 2448 oum
1122 2383 1245 2469 profes-

146 2490 240 2563 sione'
258 2498 327 2584 spei
348 2499 504 2584 innuitur,
526 2499 596 2565 fieri
616 2521 713 2587 posse
736 2499 911 2565 seeundum
931 2498 1104 2565 humanam
1119 2499 1243 2586 opinio-

146 2637 230 2698 nem,
251 2613 399 2681 utfallat
419 2615 500 2696 haee
522 2638 607 2705 spes.
651 2614 748 2696 Quod
763 2616 966 2702 significatur
987 2617 1088 2683 verbo
1110 2637 1242 2682 καταιο-

144 2717 250 2812 χοίαοον
266 2731 363 2798 Rom.
375 2735 405 2817 5,
418 2734 446 2816 5,
468 2735 522 2799 vel
544 2726 764 2814 αἰσχύνεσθαι
784 2733 867 2799 Phil.
883 2738 967 2817 1,20.
991 2770 1030 2781 —
1053 2733 1122 2800 cfr.
1143 2736 1241 2818 looos,

144 2848 202 2914 ubi
220 2849 419 2936 possibilitas
439 2851 596 2917 malorum
617 2852 902 2940 perpetiendorum
924 2850 1110 2943 (θλιψέων,
1132 2857 1242 2940 παθη-

142 2960 271 3053 μοίτων)
287 2967 448 3033 indioatur
460 2991 611 3034 unacum
631 2970 718 3035 bona
739 2992 807 3059 spe,
830 2974 927 3057 q'uam
947 2970 1021 3058 quis
1041 2970 1148 3054 habet,
1170 2972 1240 3036 fore

144 3077 181 3150 ut
207 3086 316 3152 salvus
343 3086 460 3152 evadat
481 3108 522 3152 ex
542 3087 592 3152 his
613 3087 781 3173 perieulis,
814 3110 846 3152 v.
868 3110 896 3153 o.
923 3086 959 3152 Π
981 3085 1056 3154 Oor.
1081 3093 1109 3166 l,
1131 3093 1160 3153 6.
1187 3094 1240 3171 ¹⁰3

144 3195 508 3286 IITim.4,17.1a·-
531 3201 654 3270 Contra
675 3203 832 3269 dubitatio
854 3212 923 3269 turn
944 3204 1119 3293 praecipue
1141 3228 1240 3293 oppo-

144 3318 206 3382 sita
237 3327 287 3384 est
303 3320 398 3408 spei,
439 3318 567 3407 quando
601 3319 780 3385 subiectum
808 3343 958 3408 sperans·
973 3321 1161 3389 destitutum
1192 3332 1241 3390 est

142 3434 238 3509 firma,
262 3435 380 3511 fiduoia
408 3458 487 3524 erga
519 3459 609 3519 eum,
642 3437 776 3504 souius
805 3440 972 3506 voluntate
1000 3440 1053 3506 vel
1079 3449 1240 3528 potestate

143 3551 285 3637 expletio
307 3552 378 3639 spei
398 3553 527 3641 pendet.
572 3554 684 3621 Talem
707 3579 798 3643 spem
819 3557 978 3623 infirmam
1000 3567 1032 3624 et
1046 3556 1239 3624 dubitationi

143 3669 316 3734 obnoxiam
337 3669 485 3757 inprimis
506 3672 728 3760 reprehendit,
763 3672 820 3761 qui
848 3671 977 3760 scripsit
1004 3673 1175 3761 epistolam
1198 3674 1239 3740 ad

142 3784 330 3885 Hebraeos,
368 3787 594 3855 commendans
626 3785 858 3878 πληροφορίαν
891 3791 949 3876 τῆς
983 3785 1122 3865 ἐλπίδος
1152 3791 1237 3879 (o‘ap,

143 3907 172 3985 6,
190 3898 253 3990 11),
282 3905 335 3970 vel
350 3898 611 3992 ὀμολογίαλτῆς
636 3902 773 3990 ἐλπίδος
800 3897 921 3992 dulcari.
963 3909 1008 3975 Et
1033 3909 1117 3974 sio'ut
1145 3931 1238 3973 voea-

142 4019 255 4093 bulum
269 4018 381 4097 »ἐλπίς
409 4022 566 4090 adversus
587 4023 752 4095 notionem
772 4025 937 4093 metuendi
958 4026 1106 4114 inprimis
1129 4027 1237 4096 ornari

143 4136 225 4202 solet
245 4136 439 4224 praedicatis
460 4127 575 4228 ἀγαθή
596 4139 646 4223 (ΙΙ
660 4140 773 4206 Thess.
789 4147 818 4226 2,
837 4144 889 4225 16)
909 4144 962 4210 vol
982 4132 1133 4232 μακάρια
1155 4143 1237 4229 (Tit.

143 4251 246 4339 2,]3),
265 4253 314 4318 ita
334 4254 555 4342 praedicatum
576 4257 718 4327 maxime
738 4259 933 4327 conveniens
954 4261 1111 4328 vocabulo
1132 4255 1238 4344 ἐλπίς,
