2782 4724
732 344 774 409 m
861 434 865 453 i

89 564 97 571 “
209 549 391 639 explicatur
412 541 457 637 εὴ
476 536 611 635 σφόδρα
632 544 833 636 προσδοκίας
854 549 896 616 ad
917 549 1068 634 alterum,
1095 551 1152 617 ubi
1172 550 1308 621 coniun-
1376 622 1381 633 ,

209 676 297 733 ctum
328 674 378 731 est
401 689 475 731 oum
501 664 610 749 ritule,
635 677 727 735 notat
753 662 972 734 Oeoumenius
999 692 1007 734 z
1035 655 1308 754 α’ποκαραδοαίαν

209 781 294 871 φησὶ
324 775 379 870 τῆν
404 781 556 871 σφοδράν
580 782 638 873 καὶ
664 780 914 871 ἐπιτεταγμένα
940 781 1079 865 ἐλπίδα,
1108 773 1222 872 ἤνιος
1249 784 1309 852 καὶ

209 889 309 987 crioilo
346 896 500 967 ἐπαινῶν
533 893 589 987 οῆν
620 895 763 989 κεφαλήν
792 890 924 967 δοκεύει
949 901 1004 967 καὶ
1031 903 1242 988 περισκοπεῖ.
1264 940 1307 951 -

210 1015 278 1084 cfr.
294 1017 481 1106 Philippi
502 1018 543 1084 ad
557 1019 651 1085 Rom.
674 1026 702 1103 8,
721 1024 767 1104 19,
790 1021 847 1107 qui
860 1021 943 1086 bene
955 1028 1075 1103 monet,
1094 1018 1309 1107 praepositio·
1382 1050 1389 1059 ·

209 1158 284 1201 nem
299 1122 368 1200 οἷπό
382 1135 434 1201 hic
455 1145 569 1201 notare
591 1137 849 1223 expectationem
867 1146 1070 1204 constantem
1092 1135 1187 1202 etad
1207 1135 1309 1203 linem

208 1274 312 1347 usque
340 1264 603 1338 perseverantem
632 1252 681 1338 (id
709 1254 795 1342 quod
815 1255 903 1320 valet
924 1255 1021 1320 etiam
1042 1246 1082 1320 de
1102 1274 1215 1342 praep.
1237 1240 1312 1319 α’πό
1379 1326 1384 1331 ,

92 1458 94 1462 ι
208 1373 243 1436 in
264 1365 512 1450 α’πεκδέχεοθαι
530 1367 566 1455 ¹).

308 1486 512 1552 Vocabulum
547 1476 803 1572 ἀποκαραδοκία
835 1486 978 1553 medium
1010 1486 1172 1575 quendam
1199 1487 1309 1554 locum

209 1612 300 1668 tenet
334 1603 421 1668 inter
454 1612 627 1691 utrumque
659 1627 912 1690 synonymorum
943 1604 1033 1670 vocis
1064 1599 1161 1679 ἐλπίς
1191 1614 1310 1691 genus,
1350 1598 1373 1623 ”

120 1799 127 1811 l
211 1742 311 1808 quum
332 1728 365 1784 ot
381 1721 672 1808 perseverantiam,
694 1730 727 1786 et
747 1721 893 1786 habitum
913 1720 1037 1787 intente
1058 1721 1099 1788 ad
1120 1720 1219 1787 finem
1237 1730 1310 1786 ten·

210 1836 339 1903 dentem
361 1837 521 1924 sperantis
536 1836 665 1906 indicet.
708 1837 886 1904 Posteriori
906 1838 1019 1925 generi
1040 1837 1187 1926 inprimis
1209 1837 1309 1904 adnu-
1370 1862 1387 1903 .·

208 1953 364 2020 meranda
384 1963 488 2019 sunt:
935 1969 938 1975 ·
1031 2036 1034 2043 Ι

295 2074 322 2135 1.
364 2067 521 2154 μένειν,
548 2093 693 2155 manere,
724 2080 896 2159 expectare
924 2072 1085 2160 aliquem3
1114 2071 1160 2137 ita
1181 2050 1308 2139 duobus

209 2188 324 2254 saltem
353 2187 396 2253 N.
418 2187 470 2253 Ti.
492 2188 572 2253 locis
600 2187 674 2253 Act.
698 2191 780 2271 20,5
803 2197 837 2254 et
857 2194 917 2274 233
953 2187 1082 2275 saepius
1114 2186 1176 2253 hoc
1209 2174 1308 2255 aansu
1366 2244 1370 2249 .

210 2304 296 2393 apud
318 2302 463 2371 Graecos
483 2313 674 2393 usurpatum
685 2305 874 2391 reperitur,
896 2326 927 2369 v.
950 2327 977 2370 c.
999 2305 1039 2370 Il.
1060 2304 1120 2388 IV,
1143 2308 1221 2389 2473
1243 2302 1311 2383 Oe

209 2421 238 2506 I,
258 2427 339 2500 4223
359 2420 478 2487 Aesch.
500 2422 637 2486 Eumen.
660 2422 743 2498 6473
767 2422 836 2485 702.

292 2544 322 2602 2.
365 2534 609 2623 περιμένειν
629 2560 637 2602 1
657 2536 733 2602 Act.
759 2543 848 2619 1‚4:
877 2533 1065 2623 περιμένειν
1087 2531 1143 2622 τήν
1164 2528 1311 2623 ἐπαγγε-

209 2650 284 2719 λίαν
302 2647 527 2740 τοῦπατρὸς,
559 2654 580 2718 i.
603 2676 630 2719 e.
653 2662 827 2741 expectare
855 2654 940 2740 (sive
962 2679 969 2720 :
992 2655 1194 2743 expectando
1215 2657 1310 2744 quasi
1380 2738 1388 2749 ,Ι

210 2771 354 2858 ambire),
376 2770 480 2839 donec
503 2771 634 2860 expleta
655 2772 697 2836 sit
719 2772 890 2859 promissio
912 2772 1024 2857 patris.

292 2895 322 2955 3.
365 2878 582 2966 α’ναμένειν
603 2888 743 2954 IThess.
757 2893 783 2971 1,
797 2894 834 2952 10
849 2912 857 2953 ε
870 2879 1039 2970 ἀναμένειν
1049 2883 1108 2954 adr
1120 2885 1190 2954 υἱδν
1204 2877 1312 2955 adteri

209 3004 246 3073 ἐκ
266 2996 422 3093 οὕρανοῖν,
446 3005 486 3071 de
500 3005 724 3094 expectatione
738 3004 890 3091 perusiae
905 3002 1037 3072 Christi.
1078 3005 1234 3092 Praepoa.
1246 2993 1311 3071 οἷνα

209 3124 275 3190 h.l.
291 3124 434 3191 indicare
453 3123 584 3190 videtur
604 3121 863 3208 expectationem
885 3122 1014 3210 saepius
1035 3121 1141 3188 denuo
1156 3120 1311 3209 incipien-

209 3249 276 3309 tem
297 3250 330 3307 ct
352 3241 446 3330 quasi
466 3239 735 3326 redintegratam,
767 3238 885 3304 iterum
907 3248 1005 3328 atque
1026 3239 1145 3304 iterum
1166 3261 1201 3305 se
1223 3239 1311 3305 colli·

94 3368 99 3377 “
210 3368 341 3446 gentem
357 3357 445 3423 atad
465 3357 590 3421 firmam
610 3355 761 3420 fiduciam
782 3365 815 3421 et
835 3357 1049 3423 constantiam
1071 3356 1309 3422 exhortantem.

292 3482 322 3541 4.
361 3473 397 3540 .V
399 3474 512 3540 erbum
533 3466 752 3555 deceptuose
772 3475 905 3563 proprie
920 3497 991 3540 esse
1006 3473 1143 3539 verbum
1156 3473 1311 3541 bellicum

211 3601 244 3658 et
265 3602 378 3657 notare
397 3588 506 3683 μένειν
528 3587 563 3656 ἐν
575 3595 644 3668 τοῖς
657 3578 854 3680 παθήμασι,
876 3592 940 3657 iam
956 3613 1055 3677 supra
1068 3613 1139 3677 cap.
1154 3590 1215 3673 IV,
1231 3600 1310 3658 sect.

281 3744 300 3813 ¹)
317 3741 435 3797 Ceterum
458 3755 483 3798 et
506 3746 590 3814 quoad
615 3756 717 3814 etymon
738 3757 764 3800 et
790 3744 874 3815 quoad
898 3744 1104 3814 significationem
1122 3761 1178 3797 cum
1196 3743 1312 3797 omuibus

208 3836 249 3890 luia
271 3838 355 3890 verbis
379 3849 512 3906 cognatum
535 3849 574 3892 est
598 3841 689 3904 δοκέω,
716 3840 795 3893 subat-
818 3833 899 3906 δόξα,
928 3840 967 3890 cui
991 3836 1017 3889 in
1042 3838 1202 3891 classicorum
1219 3837 1311 3890 Graeci

205 3912 331 3985 'armonio
349 3943 478 3985 auctorum
497 3951 543 3985 usu
560 3934 637 4003 vulgo
655 3935 760 3986 obvenit
777 3934 847 3985 notio
865 3932 990 4000 opinionis
1009 3950 1028 3984 s.
1048 3933 1249 3999 expectationia3
1273 3932 1310 3982 ita

207 4017 276 4091 acroi
294 4017 376 4093 δοξαν
394 4025 460 4077 idem
479 4036 533 4089 eet,
551 4027 618 4096 quod
637 4027 695 4082 κατ’
714 4029 816 4090 ἐλπίδα,
835 4036 862 4079 et
876 4020 951 4101 παρὰ
968 4019 1051 4094 δόξαν
1069 4026 1143 4088 idern,
1163 4025 1231 4095 quod
1248 4016 1310 4102 παρ’

209 4118 311 4175 ἐλπίδα.
346 4120 396 4174 Sed
418 4122 467 4171 iam
493 4134 568 4188 supra
590 4119 682 4173 dictum
704 4131 754 4184 est,
785 4120 934 4173 vocabulum
960 4114 1027 4187 δόξα
1050 4135 1150 4188 semper
1168 4119 1218 4171 alio
1234 4134 1312 4173 seusu

208 4223 353 4280 usurpatum
371 4231 427 4266 ease
443 4215 469 4265 in
488 4214 517 4266 ri.
528 4212 586 4278 To.;
604 4229 662 4266 uam
681 4230 713 4268 ue
731 4214 753 4266 ll
774 4213 880 4275 Ροα.2,
897 4214 930 4266 10
948 4213 1049 4284 quidem
1066 4213 1217 4266 vocabulum
1232 4205 1311 4279 δόξαι
1387 4265 1391 4274 η,

208 4322 266 4359 cum
286 4306 359 4374 iulg.
376 4308 586 4375 interpretandum
605 4317 663 4361 est:
681 4311 811 4378 opiniones
828 4307 1001 4375 (haereticae),
1019 4316 1113 4371 sectae,
1130 4305 1275 4361 dumata.
1385 4319 1391 4326 ·’
