2782 4724
583 329 741 405 ,41

625 415 822 430 -—

171 535 337 603 intellexit
358 534 598 624 bengelius,
620 536 678 625 qui
699 536 740 603 ad
760 537 792 602 h.
811 535 835 602 l.
853 535 1021 604 adnotavit
1041 560 1049 603 :
1072 537 1179 621 „Deus
1199 538 1275 624 spei,
1365 608 1373 617 ,

172 675 293 720 nomen
322 653 397 718 Deo
427 653 634 739 gloriosum:
664 655 816 742 gentibus
854 655 1003 742 ignotum
1032 662 1138 719 antea.
1191 654 1277 721 Nam

174 770 257 835 falsa
276 769 339 835 dea
361 766 446 856 Spes
468 769 591 852 fuerat5
613 769 703 834 cuius
726 769 838 835 aedem
859 769 995 854 Romae,
1016 771 1152 836 fulmine
1172 771 1278 855 ictam,
1349 777 1352 784 “

173 885 290 954 Livius
311 885 396 952 libro
416 890 465 968 al,
487 885 670 974 iterumque
693 878 847 951 incendlo
869 887 1112 973 conflagratam,
1134 886 1218 953 libro
1239 893 1279 952 24

171 1000 363 1069 memorat.“
395 999 488 1069 Sicut
501 1003 587 1067 enim
609 1002 713 1068 omnis
736 1024 820 1090 spes,
844 1011 1008 1091 quatenus
1027 1015 1110 1069 vera
1128 1012 1185 1086 est,
1206 1026 1279 1091 pro·

172 1119 262 1186 cedit
283 1143 303 1184 a
322 1118 411 1199 Deo,
439 1119 486 1184 ita
506 1119 534 1184 is
556 1118 684 1184 demum
724 1141 822 1184 verus
843 1129 895 1185 est
917 1143 954 1185 ac
976 1120 1071 1186 rivus
1092 1121 1199 1202 Deus,
1222 1120 1278 1210 qui

174 1256 271 1321 spem
292 1233 388 1300 donat
408 1257 519 1300 veram
541 1258 647 1324 neque
668 1234 815 1302 fallacem
837 1237 1021 1302 futurorum
1036 1238 1277 1304 beneficiorum.

178 1350 293 1432 Quare
314 1349 447 1432 ethnici,
477 1352 533 1440 qui
562 1350 675 1438 procul
696 1352 851 1418 aberrant
870 1376 890 1418 a
911 1377 989 1419 vero
1010 1353 1086 1420 Deo
1107 1377 1167 1442 per
1188 1354 1279 1423 Chri·

177 1478 264 1534 stum
284 1468 443 1551 revelato,
473 1466 567 1533 simul
597 1476 672 1533 sunt
699 1457 824 1532 ἒλπίδα
847 1465 896 1556 aa}
926 1463 1054 1551 ἔχοντες
1084 1481 1116 1538 et
1145 1459 1277 1540 doses:

176 1583 266 1673 Eph.
288 1589 318 1667 2,
343 1589 395 1661 12;
417 1585 458 1650 cf.
480 1585 499 1650 Ι
519 1583 633 1651 Thess.
655 1589 686 1667 4,
710 1589 763 1649 13.“

258 1701 433 1767 Praeterea
457 1702 550 1769 Deus
578 1709 628 1766 est
655 1701 899 1791 fundamentum
928 1702 1081 1789 sperandi
1101 1704 1120 1769 Ι
1141 1704 1224 1771 Tim.
1247 1712 1277 1788 4,

176 1823 219 1884 10
240 1808 453 1903 (ἠλπίκαμεν
480 1807 546 1884 iaal-
567 1817 642 1901 θεῷ
671 1817 792 1901 ζῶντι,
811 1818 868 1883 ubi
889 1818 1080 1884 attributum
1101 1817 1184 1903 ζῶν,
1213 1842 1277 1908 quo

172 1935 352 2022 insignitur
371 1934 480 2017 Deus,
509 1957 574 1999 una
601 1957 675 2003 cum
705 1936 856 2023 sequenti
886 1935 1112 2001 enunciatione
1141 1936 1279 2002 relativa

174 2041 216 2126 ὅς
237 2040 324 2117 ἔστιν
344 2041 454 2138 σωτῆρ
475 2038 608 2115 πάντων
629 2038 834 2137 ἀνθρώπων,
862 2037 1008 2129 μάλιστα
1030 2050 1182 2129 πιστῶν,
1202 2051 1280 2119 satis

153 2184 155 2197 '
180 2170 355 2256 perspicue
373 2166 514 2232 ostendit
528 2167 582 2253 agi
597 2166 637 2232 de
652 2190 709 2254 spe
723 2166 898 2233 christiana
919 2166 1116 2254 procedente
1137 2189 1157 2231 a
1177 2167 1281 2232 salute

176 2283 212 2350 in
241 2282 371 2350 Christo
395 2282 496 2348 'nobis
525 2281 652 2348 collata.
674 2319 715 2331 -
739 2282 806 2350 cfr.
836 2284 854 2349 Ι
881 2282 966 2371 Tim.
997 2285 1030 2365 ὁ,
1057 2286 1090 2365 5,
1118 2304 1182 2370 quo
1208 2282 1279 2348 loco
1384 2372 1387 2382 1

175 2400 299 2466 Paulus
321 2400 407 2465 idem
428 2399 496 2464 fere
524 2399 692 2486 praedicat
717 2400 758 2466 de
779 2400 878 2466 vidua
898 2401 954 2489 pia
975 2399 1173 2483 christiana,.
1192 2400 1280 2488 quod

176 2539 278 2605 supra
298 2516 432 2582 Petrum
453 2514 487 2581 in
509 2517 628 2580 sanctis
650 2516 692 2582 V.
709 2516 760 2582 Ti.
775 2516 963 2583 mulieribus
985 2514 1118 2581 laudare
1139 2515 1279 2585 vidimus

178 2633 212 2719 (I
232 2632 321 2698 Patr.
343 2639 378 2716 3,
406 2632 455 2717 5),
483 2655 575 2720 spem
604 2632 727 2699 scilicet
759 2656 869 2698 aarum
897 2633 1089 2698 collocatam
1117 2631 1218 2700 fuisse
1245 2634 1280 2700 in

176 2750 278 2816 Dec·
315 2747 507 2814 Tenendum
539 2741 648 2813 tamen
684 2758 749 2832 est,
790 2737 872 2814 θεόν
909 2758 1048 2836 utrqque
1080 2751 1150 2815 loco
1185 2750 1281 2816 simul

176 2874 291 2938 notare
311 2850 555 2931 fundamentum
575 2873 607 2929 et
621 2865 719 2930 finem
734 2888 759 2930 s.
776 2865 937 2931 obiectum
953 2864 1106 2952 sperandi
1128 2864 1279 2955 (usupr.

178 3005 250 3071 cap.
264 2982 325 3070 Π).
367 2983 413 3048 Et
433 2982 542 3048 nescio
565 3004 673 3047 annon
694 2982 857 3072 posterior
877 2981 967 3046 notio
989 2981 1020 3049 h.
1037 2981 1059 3047 l.
1083 2984 1280 3070 praevaleat,

180 3120 246 3188 qua
267 3098 359 3167 Deus
388 3100 550 3166 obiectum
575 3107 710 3164 vocetur
730 3097 848 3164 viduae
870 3098 1087 3164 desideratum
1109 3109 1206 3193 atque
1227 3122 1282 3165 ex·

181 3225 338 3305 optatum.
387 3216 567 3302 Apostolus
593 3216 677 3281 enim
709 3216 852 3283 alludere
877 3217 1007 3283 videtur
1035 3215 1282 3312 ad‘spiritualia

136 3371 153 3386 π
179 3332 341 3422 quaedam
363 3333 527 3420 sponsalia
547 3334 633 3398 inter
653 3332 784 3400 viduam
806 3343 839 3399 et
854 3314 972 3418 Deum,
995 3334 1041 3398 ita
1062 3341 1098 3397 ut
1119 3331 1146 3396 is
1167 3354 1284 3420 propr.-

143 3455 146 3459 ’
184 3449 228 3515 sit
249 3472 361 3514 sensus
382 3449 413 3514 h.
429 3449 500 3530 loci,
518 3447 650 3514 viduam
669 3471 748 3535 vere
769 3448 947 3515 solitariam
968 3458 1001 3514 et
1022 3451 1167 3516 orbatam
1188 3472 1282 3538 prae·

178 3565 289 3632 stolari
310 3567 382 3634 Deo
404 3569 457 3633 vel
479 3566 623 3650 Christo,
647 3575 814 3654 tamquam
836 3566 970 3633 coelesti
993 3580 1054 3632 suo¹
1073 3552 1281 3657 sponsusqui
1317 3550 1320 3555 ,

177 3683 353 3772 aliquando
374 3685 571 3753 liberaturus
593 3686 635 3751 sit
655 3708 728 3750 eam
743 3708 768 3749 a
798 3684 914 3772 quovis
933 3685 1081 3751 malost
1095 3685 1139 3750 in·
1151 3683 1281 3750 domum

177 3823 270 3866 suam
308 3810 458 3867 aeternae
497 3801 621 3889 gloriae
660 3803 791 3890 plenam
822 3810 1023 3890 recepturus.
1057 3838 1093 3851 -
1127 3799 1280 3888 Denique

179 3918 198 3984 Ι
221 3917 306 3983 Tim.
329 3923 364 4001 6,
396 3921 432 3981 17
460 3910 555 3985 Deus
579 3919 769 4005 simpliciter
797 3942 835 3984 ac
861 3917 1040 4005 generatim
1072 3908 1190 3983 dicitur
1210 3917 1281 4004 spei

180 4035 441 4130 fundamentum,
471 4045 630 4124 quatenus
661 4036 729 4102 scil.
759 4036 862 4101 omnis
890 4035 966 4101 doni
986 4035 1063 4103 boni
1085 4057 1122 4098 ac
1143 4034 1280 4120 perlecti

179 4152 318 4238 largitor
332 4161 380 4222 ast
396 4151 434 4236 (J
435 4175 482 4216 ac.
502 4158 527 4236 1,
554 4152 616 4237 17).
652 4153 813 4219 Hortatur
831 4153 917 4218 enim
933 4152 964 4217 h.
980 4153 1001 4216 l.
1017 4151 1183 4238 apostolus
1198 4149 1278 4246 divi-

179 4278 246 4352 tes,
273 4293 314 4335 ne
337 4269 478 4359 aliquam
501 4291 591 4355 spem
613 4269 770 4335 collocent
791 4270 825 4335 in
846 4268 968 4335 divitiis
989 4267 1157 4335 fallacibus
1179 4276 1278 4357 atque
1377 4342 1380 4348 ⁴
