2782 4724
682 338 721 401 26

149 556 309 637 quatenus
338 547 534 618 contrarium
553 545 756 611 ‘dubitationi
777 541 1012 624 consideratur,
1047 549 1096 608 eet
1123 537 1246 622 βεβαία

150 662 201 748 (Π
223 661 298 731 Gor.
324 668 351 745 l,
372 662 424 748 6),
451 664 505 730 vel
534 650 685 751 ἀσφαλής
705 660 822 746 (Hebr.
846 664 874 741 6,
896 663 944 724 18.
968 659 1019 743 19)
1050 658 1076 744 ).
1098 695 1137 706 --
1159 638 1246 726 Vali-

149 779 281 844 dissima
323 781 461 868 denique
501 791 534 846 et
574 779 768 866 gravissima
806 776 937 863 negatio
976 777 1046 864 spei
1086 775 1247 842 indicatur

148 896 278 962 notione
294 896 493 982 desperandi.
530 897 616 962 Nam
633 896 689 984 qui
704 896 853 981 desperat
867 876 911 959 de
923 893 1032 981 aliqua
1053 915 1097 974 re,
1120 915 1247 960 omnem

147 1013 258 1079 abiicit
287 1037 378 1100 spem
407 1037 445 1079 ae
475 1013 640 1096 fiduciam,
672 1012 743 1078 fieri
768 1033 883 1099 posse,
926 1009 1013 1098 quod
1035 1009 1246 1097 exspectavit.

147 1129 259 1216 Atque
280 1129 346 1194 iam
369 1130 610 1217 supradictum
632 1138 689 1217 est,
712 1128 824 1194 deesse
844 1127 879 1192 in
901 1127 944 1192 N.
964 1126 1028 1218 1Το.
1050 1126 1246 1193 vocabulum

146 1249 214 1312 tam
236 1246 357 1312 directe
379 1247 504 1312 notioni
526 1246 677 1334 sperandi
705 1246 917 1328 eontrarium,
950 1269 1022 1311 oum
1044 1235 1248 1350 εἷπελπίζεεν

147 1364 228 1430 Luc.
252 1368 280 1446 6,
300 1366 339 1428 35
370 1364 465 1430 aliam
495 1365 613 1430 habeat
641 1365 816 1430 notionem.
860 1361 986 1455 Sensus
1005 1373 1115 1428 tamen
1135 1362 1247 1450 despe'
1299 1405 1304 1410 ·

147 1481 240 1546 randi
260 1481 327 1546 fere
350 1481 544 1567 exprimitur
563 1480 638 1546 Act.
654 1483 704 1565 27,
722 1487 762 1546 20
783 1481 947 1546 locutione
969 1504 977 1545 :
1000 1476 1116 1546 λοιπὸν
1135 1502 1249 1567 περιῃ·

146 1602 236 1684 ρεῖεο
257 1588 354 1675 ἐλπὶς
374 1599 469 1664 πᾶσα
489 1599 549 1664 τοῦ
570 1593 747 1689 σώζεσθαι
758 1592 866 1687 'ripeta
1147 1680 1158 1698 .

228 1711 308 1780 Iam
326 1716 387 1780 hoo
415 1716 643 1801 decerperem
671 1717 848 1783 secundum
878 1695 1021 1781 omnium
1042 1714 1245 1783 Graecorum·

146 1838 250 1898 usum‘
266 1810 356 1897 duas⁸
374 1831 511 1899 involvit
537 1834 687 1900 notiones
713 1834 909 1922 principales
930 1856 939 1897 ε
960 1834 1095 1898 alteram
1116 1855 1247 1920 prospe·

147 1948 273 2030 ciendi,
316 1949 452 2015 alteram
484 1951 717 2038 perseverandi
747 1951 781 2016 in
808 1949 1061 2038 prospectando.
1112 1946 1250 2036 Semper

148 2064 243 2145 enim,
266 2064 293 2130 si
308 2086 414 2130 sermo
429 2074 478 2131 est
496 2067 537 2132 de
559 2067 718 2153 sperando
740 2067 794 2131 vel
817 2067 1046 2153 exspectando,
1068 2058 1263 2132 duo-simui

149 2174 469 2268 comprehenduntur
488 2183 620 2248 notione
643 2191 840 2270 :respectus
861 2183 989 2260 obiecti,
1011 2183 1052 2249 ad
1074 2183 1160 2271 quod
1180 2192 1248 2250 ten-

148 2298 197 2363 dit
219 2299 437 2386 exspectatio,
467 2309 501 2366 et
528 2309 696 2387 respectus
717 2300 819 2387 ipsius
849 2309 940 2365 actus
973 2283 1141 2388 sperandi,
1179 2300 1253 2383 sive

148 2415 337 2499 voluntatis,
360 2415 428 2482 sive
450 2438 563 2481 sensus
586 2416 792 2503 appetitusve
815 2425 922 2481 actum
945 2439 1019 2482 eum
1040 2416 1248 2482 dieamus-.-

147 2531 216 2600 cfr.
254 2533 396 2598 adnotat.
435 2533 583 2621 proxime
620 2532 880 2617 antecedentem,
924 2542 958 2598 et
994 2556 1094 2622 supra
1130 2556 1201 2620 cap.
1229 2534 1248 2599 I

148 2659 231 2715 extr.
252 2689 292 2700 -
314 2650 574 2717 Discernendum
601 2674 685 2726 vero¹
708 2660 761 2717 est
788 2651 873 2718 inter
902 2673 996 2717 usum
1017 2652 1248 2718 vocabulorum

140 2754 242 2841 ε’λεπίς
263 2775 296 2831 et
315 2758 442 2846 ἐλπίζω
463 2769 619 2856 culparem
625 2817 634 2851 ,
667 2791 732 2855 quo
754 2768 794 2834 ad
816 2777 970 2834 externas
992 2769 1095 2834 solum
1117 2791 1155 2834 ac
1175 2790 1248 2855 pro·

144 2881 237 2948 ianas
258 2904 313 2948 res
335 2883 534 2967 referuntur,
561 2893 595 2949 et
613 2883 697 2948 inter
717 2885 900 2971 redipiosam
923 2909 948 2950 s.
971 2886 1170 2971 theoloyicam,
1193 2886 1249 2970 qui

126 3100 448 3110 .---—-—-——

219 3272 239 3333 ¹)
258 3269 312 3322 iiuo
340 3253 450 3340 pertinet
480 3271 564 3325 brevis
586 3272 644 3336 iiia,
669 3266 736 3343 quac
762 3272 866 3338 dicitur,
899 3273 1011 3326 definitio
1034 3270 1105 3343 verbi
1121 3262 1248 3342 ἐλπίζειν,

145 3380 221 3434 qnam
245 3362 340 3418 Paulus
368 3368 501 3435 proposuit
522 3366 593 3419 Rom.
610 3366 635 3430 8,
652 3365 686 3419 25
705 3386 711 3417 :
733 3376 755 3423 ei
778 3362 827 3444 γὰρ
850 3364 864 3423 ὀ
888 3361 918 3423 οὐ
945 3370 1081 3445 βλέπομεν
1103 3359 1246 3446 driuidum,

143 3458 185 3513 δι’
213 3450 380 3538 ὑπομονῆς
407 3454 691 3540 ἀπεκδεχόμεθα,
718 3462 762 3514 ubi
785 3462 932 3514 sumendum
948 3461 1048 3530 quidem
1066 3470 1117 3524 oti,
1143 3477 1247 3516 revera

142 3553 290 3628 apostolum,
307 3556 439 3608 essentiam
456 3556 510 3624 spei
528 3555 671 3609 describere
689 3556 800 3609 voluisse
817 3554 890 3621 (frisa
908 3557 973 3618 enirn
991 3564 1028 3608 oct
1046 3557 1145 3624 opinio,
1173 3573 1247 3628 quam

142 3647 259 3701 nonnulii
283 3656 397 3711 tuentur,
427 3642 636 3729 ἀποδεχόμεθα
659 3650 807 3733 vertendum
836 3667 891 3702 esse
904 3660 917 3701 “.·
938 3655 1078 3719 exspectare
1105 3635 1246 3719 debemuffl

142 3748 314 3832 memorantur
344 3743 409 3796 enirn
439 3743 489 3796 duo
519 3743 657 3807 elementa,
691 3761 722 3798 ex
751 3745 841 3813 quibus
871 3747 1016 3799 necessario
1048 3757 1146 3801 constat
1167 3746 1247 3800 omnis

142 3845 201 3902 ερεε
226 3853 233 3884 r
263 3837 384 3910 patienia
416 3837 470 3890 scii.
505 3848 531 3890 ei
560 3840 655 3892 obtutus
689 3841 718 3890 εἐε
749 3841 861 3905 Mamm
896 3857 1036 3894 οοεοεοεειε.
1094 3840 1139 3906 (V.
1170 3855 1245 3908 supra

142 3943 200 3996 espa,
221 3926 233 3979 1
261 3932 356 3996 extr.)¹
403 3931 459 3985 Non
490 3942 573 3988 tamen
602 3934 706 3989 dixerim
729 3933 836 3988 Panium
866 3935 1036 3988 definitionem
1063 3935 1116 4003 spei
1144 3936 1246 4002 proprio

142 4040 218 4080 sensu
249 4039 390 4092 proponere
407 4027 534 4090 ,uoluisse
559 4028 582 4080 b.
609 4029 643 4094 i.‚
674 4030 699 4081 id
730 4031 798 4101 quod
828 4029 995 4101 Weiirius
1019 4029 1050 4093 (i.
1068 4029 1084 4079 i.
1110 4043 1167 4112 pag,
1191 3999 1247 4103 666

143 4119 227 4190 aliqua
270 4121 369 4172 ratione
404 4119 561 4174 contendero
593 4122 699 4176 videtur.
754 4123 816 4175 Nam
850 4140 882 4176 ne
920 4123 995 4176 liebr.
1020 4119 1068 4186 ii,
1094 4119 1105 4170 i
1147 4121 1247 4191 quidem

142 4214 231 4266 stricto
259 4228 334 4266 sensu
361 4213 473 4290 definitio
497 4215 617 4267 vocabuli
641 4222 732 4285 along
749 4217 887 4270 exhibetur.
936 4218 965 4268 V.
991 4213 1088 4268 bieeir
1114 4214 1144 4266 ad
1167 4214 1192 4266 b.
1218 4213 1250 4278 i<3

143 4304 256 4360 iioim.·
270 4307 431 4362 Sobriitbcw.
449 4306 469 4372 1,
489 4326 514 4380 p.
530 4307 591 4362 55⁴.
1154 4320 1158 4327 “
