<?xml version="1.0" encoding="UTF-8"?>
<!DOCTYPE html PUBLIC "-//W3C//DTD XHTML 1.0 Transitional//EN"
    "http://www.w3.org/TR/xhtml1/DTD/xhtml1-transitional.dtd">
<html xmlns="http://www.w3.org/1999/xhtml" xml:lang="en" lang="en">
 <head>
  <title>
</title>
<meta http-equiv="Content-Type" content="text/html;charset=utf-8" />
  <meta name='ocr-system' content='tesseract 3.04.00' />
  <meta name='ocr-capabilities' content='ocr_page ocr_carea ocr_par ocr_line ocrx_word'/>
</head>
<body>
  <div class='ocr_page' id='page_1' title='image "./deviacnotionevo00zcgoog_0087.png"; bbox 0 0 2782 4724; ppageno 0'>
   <div class='ocr_carea' id='block_1_1' title="bbox 748 318 786 384">
    <p class='ocr_par' dir='ltr' id='par_1_1' title="bbox 748 318 786 384">
     <span class='ocr_line' id='line_1_1' title="bbox 748 318 786 384; baseline 0.053 -2"><span class='ocrx_word' id='word_1_1' title='bbox 748 318 786 384; x_wconf 83' lang='lat'>76</span> 
     </span>
    </p>
   </div>
   <div class='ocr_carea' id='block_1_2' title="bbox 678 410 874 422">
    <p class='ocr_par' dir='ltr' id='par_1_2' title="bbox 678 410 874 422">
     <span class='ocr_line' id='line_1_2' title="bbox 678 410 874 422; baseline 0.01 -3"><span class='ocrx_word' id='word_1_2' title='bbox 678 410 874 422; x_wconf 47' lang='grc' dir='ltr'><strong><em>Μ</em></strong></span> 
     </span>
    </p>
   </div>
   <div class='ocr_carea' id='block_1_3' title="bbox 202 519 1330 964">
    <p class='ocr_par' dir='ltr' id='par_1_3' title="bbox 202 519 1330 964">
     <span class='ocr_line' id='line_1_3' title="bbox 205 519 1328 611; baseline -0.003 -21"><span class='ocrx_word' id='word_1_3' title='bbox 205 535 208 539; x_wconf 78' lang='grc'>’</span> <span class='ocrx_word' id='word_1_4' title='bbox 232 524 342 608; x_wconf 79' lang='lat' dir='ltr'>Quare</span> <span class='ocrx_word' id='word_1_5' title='bbox 364 523 429 590; x_wconf 83' lang='lat' dir='ltr'>Tit.</span> <span class='ocrx_word' id='word_1_6' title='bbox 452 531 486 608; x_wconf 81' lang='grc'>2,</span> <span class='ocrx_word' id='word_1_7' title='bbox 506 529 545 589; x_wconf 88' lang='grc'>13</span> <span class='ocrx_word' id='word_1_8' title='bbox 565 521 663 600; x_wconf 83' lang='grc' dir='ltr'><strong><em>ἐλπίς</em></strong></span> <span class='ocrx_word' id='word_1_9' title='bbox 690 534 826 591; x_wconf 84' lang='lat' dir='ltr'>vocatur</span> <span class='ocrx_word' id='word_1_10' title='bbox 851 519 1062 611; x_wconf 81' lang='grc' dir='ltr'>μακαρία,</span> <span class='ocrx_word' id='word_1_11' title='bbox 1088 522 1146 588; x_wconf 90' lang='lat' dir='ltr'>ubi</span> <span class='ocrx_word' id='word_1_12' title='bbox 1166 522 1328 588; x_wconf 86' lang='lat' dir='ltr'>Wolfii</span> 
     </span>
     <span class='ocr_line' id='line_1_4' title="bbox 232 633 1329 730; baseline -0.004 -22"><span class='ocrx_word' id='word_1_13' title='bbox 232 642 361 730; x_wconf 92' lang='lat' dir='ltr'>opinio,</span> <span class='ocrx_word' id='word_1_14' title='bbox 395 639 519 708; x_wconf 80' lang='grc' dir='ltr'><strong><em>ἐλπίδα</em></strong></span> <span class='ocrx_word' id='word_1_15' title='bbox 548 638 713 727; x_wconf 83' lang='grc' dir='ltr'><strong><em>μακαρίαν</em></strong></span> <span class='ocrx_word' id='word_1_16' title='bbox 741 642 841 708; x_wconf 43' lang='lat' dir='ltr'>idem,</span> <span class='ocrx_word' id='word_1_17' title='bbox 859 664 930 707; x_wconf 88' lang='lat' dir='ltr'>esse</span> <span class='ocrx_word' id='word_1_18' title='bbox 966 640 1054 729; x_wconf 86' lang='lat' dir='ltr'>qu&#39;od</span> <span class='ocrx_word' id='word_1_19' title='bbox 1081 634 1103 724; x_wconf 85' lang='grc' dir='ltr'><strong><em>ἡ</em></strong></span> <span class='ocrx_word' id='word_1_20' title='bbox 1129 633 1329 725; x_wconf 72' lang='grc' dir='ltr'><strong><em>ἐλπιζομένῃ</em></strong></span> 
     </span>
     <span class='ocr_line' id='line_1_5' title="bbox 231 754 1330 846; baseline -0.004 -23"><span class='ocrx_word' id='word_1_21' title='bbox 231 754 436 846; x_wconf 75' lang='grc' dir='ltr'><strong><em>μακαριότης</em></strong></span> <span class='ocrx_word' id='word_1_22' title='bbox 456 758 631 824; x_wconf 85' lang='lat' dir='ltr'>reiicienda</span> <span class='ocrx_word' id='word_1_23' title='bbox 653 759 783 846; x_wconf 88' lang='lat' dir='ltr'>quidem</span> <span class='ocrx_word' id='word_1_24' title='bbox 802 768 867 843; x_wconf 89' lang='lat' dir='ltr'>est,</span> <span class='ocrx_word' id='word_1_25' title='bbox 894 759 922 822; x_wconf 89' lang='lat' dir='ltr'>si</span> <span class='ocrx_word' id='word_1_26' title='bbox 944 758 1052 824; x_wconf 88' lang='lat' dir='ltr'>stricte</span> <span class='ocrx_word' id='word_1_27' title='bbox 1074 779 1234 823; x_wconf 87' lang='lat' dir='ltr'>exsensu</span> <span class='ocrx_word' id='word_1_28' title='bbox 1256 778 1330 820; x_wconf 87' lang='lat' dir='ltr'>ver-</span> 
     </span>
     <span class='ocr_line' id='line_1_6' title="bbox 202 875 1330 964; baseline -0.002 -24"><span class='ocrx_word' id='word_1_29' title='bbox 202 937 203 940; x_wconf 74' lang='grc'>,</span> <span class='ocrx_word' id='word_1_30' title='bbox 231 876 346 941; x_wconf 89' lang='lat' dir='ltr'>borum</span> <span class='ocrx_word' id='word_1_31' title='bbox 373 876 515 959; x_wconf 77' lang='lat' dir='ltr'>iudices3</span> <span class='ocrx_word' id='word_1_32' title='bbox 542 897 578 940; x_wconf 92' lang='lat' dir='ltr'>re</span> <span class='ocrx_word' id='word_1_33' title='bbox 606 885 715 941; x_wconf 89' lang='lat' dir='ltr'>tamen</span> <span class='ocrx_word' id='word_1_34' title='bbox 745 875 817 964; x_wconf 85' lang='lat' dir='ltr'>ipsa</span> <span class='ocrx_word' id='word_1_35' title='bbox 843 898 915 941; x_wconf 88' lang='lat' dir='ltr'>eam</span> <span class='ocrx_word' id='word_1_36' title='bbox 942 875 1030 941; x_wconf 87' lang='lat' dir='ltr'>haud</span> <span class='ocrx_word' id='word_1_37' title='bbox 1050 875 1096 940; x_wconf 86' lang='lat' dir='ltr'>ita</span> <span class='ocrx_word' id='word_1_38' title='bbox 1117 875 1232 939; x_wconf 85' lang='lat' dir='ltr'>falsam</span> <span class='ocrx_word' id='word_1_39' title='bbox 1255 895 1330 939; x_wconf 88' lang='lat' dir='ltr'>esse</span> 
     </span>
    </p>
   </div>
   <div class='ocr_carea' id='block_1_4' title="bbox 232 968 1329 1089">
    <p class='ocr_par' dir='ltr' id='par_1_4' title="bbox 232 968 1329 1089">
     <span class='ocr_line' id='line_1_7' title="bbox 232 968 1329 1089; baseline -0.001 -33"><span class='ocrx_word' id='word_1_40' title='bbox 232 1000 321 1079; x_wconf 91' lang='lat' dir='ltr'>puto.</span> <span class='ocrx_word' id='word_1_41' title='bbox 362 991 449 1056; x_wconf 89' lang='lat' dir='ltr'>Nam</span> <span class='ocrx_word' id='word_1_42' title='bbox 482 1014 555 1081; x_wconf 90' lang='lat' dir='ltr'>cum</span> <span class='ocrx_word' id='word_1_43' title='bbox 581 992 775 1058; x_wconf 88' lang='lat' dir='ltr'>vocabulum</span> <span class='ocrx_word' id='word_1_44' title='bbox 803 989 900 1068; x_wconf 87' lang='grc' dir='ltr'><strong><em>ἐλπίς</em></strong></span> <span class='ocrx_word' id='word_1_45' title='bbox 927 993 958 1059; x_wconf 89' lang='lat' dir='ltr'>h.</span> <span class='ocrx_word' id='word_1_46' title='bbox 979 993 1001 1059; x_wconf 89' lang='lat' dir='ltr'>l.</span> <span class='ocrx_word' id='word_1_47' title='bbox 1030 992 1173 1081; x_wconf 81' lang='lat' dir='ltr'>positum</span> <span class='ocrx_word' id='word_1_48' title='bbox 1202 968 1253 1056; x_wconf 86' lang='lat' dir='ltr'>sit</span> <span class='ocrx_word' id='word_1_49' title='bbox 1267 1013 1329 1089; x_wconf 87' lang='lat' dir='ltr'>pro</span> 
     </span>
    </p>
   </div>
   <div class='ocr_carea' id='block_1_5' title="bbox 230 1105 1352 4254">
    <p class='ocr_par' dir='ltr' id='par_1_5' title="bbox 230 1105 1335 2577">
     <span class='ocr_line' id='line_1_8' title="bbox 232 1105 1331 1202; baseline -0.001 -28"><span class='ocrx_word' id='word_1_50' title='bbox 232 1109 358 1174; x_wconf 89' lang='lat' dir='ltr'>obiecto</span> <span class='ocrx_word' id='word_1_51' title='bbox 377 1107 527 1195; x_wconf 87' lang='lat' dir='ltr'>sperandi</span> <span class='ocrx_word' id='word_1_52' title='bbox 547 1105 592 1191; x_wconf 84' lang='lat' dir='ltr'>(v.</span> <span class='ocrx_word' id='word_1_53' title='bbox 611 1131 680 1195; x_wconf 88' lang='lat' dir='ltr'>cap.</span> <span class='ocrx_word' id='word_1_54' title='bbox 696 1108 763 1194; x_wconf 89' lang='lat' dir='ltr'>III)</span> <span class='ocrx_word' id='word_1_55' title='bbox 783 1131 916 1175; x_wconf 90' lang='lat' dir='ltr'>neeesse</span> <span class='ocrx_word' id='word_1_56' title='bbox 938 1117 996 1193; x_wconf 85' lang='lat' dir='ltr'>est,</span> <span class='ocrx_word' id='word_1_57' title='bbox 1019 1109 1115 1174; x_wconf 85' lang='lat' dir='ltr'>etiam</span> <span class='ocrx_word' id='word_1_58' title='bbox 1136 1108 1331 1202; x_wconf 85' lang='lat' dir='ltr'>attributum</span> 
     </span>
     <span class='ocr_line' id='line_1_9' title="bbox 232 1222 1332 1315; baseline 0.002 -25"><span class='ocrx_word' id='word_1_59' title='bbox 232 1222 381 1313; x_wconf 85' lang='grc' dir='ltr'><strong><em>μακαρία</em></strong></span> <span class='ocrx_word' id='word_1_60' title='bbox 410 1225 441 1290; x_wconf 89' lang='lat' dir='ltr'>h.</span> <span class='ocrx_word' id='word_1_61' title='bbox 464 1227 485 1291; x_wconf 96' lang='lat' dir='ltr'>l.</span> <span class='ocrx_word' id='word_1_62' title='bbox 509 1226 669 1313; x_wconf 79' lang='lat' dir='ltr'>significet</span> <span class='ocrx_word' id='word_1_63' title='bbox 691 1226 880 1315; x_wconf 78' lang='lat' dir='ltr'><strong>qualitatem</strong></span> <span class='ocrx_word' id='word_1_64' title='bbox 899 1225 996 1291; x_wconf 89' lang='lat' dir='ltr'>huius</span> <span class='ocrx_word' id='word_1_65' title='bbox 1017 1226 1065 1291; x_wconf 90' lang='lat' dir='ltr'>rei</span> <span class='ocrx_word' id='word_1_66' title='bbox 1086 1234 1234 1312; x_wconf 79' lang='lat' dir='ltr'>speratae</span> <span class='ocrx_word' id='word_1_67' title='bbox 1255 1248 1332 1313; x_wconf 82' lang='lat' dir='ltr'>pro</span> 
     </span>
     <span class='ocr_line' id='line_1_10' title="bbox 231 1332 1331 1431; baseline 0.001 -24"><span class='ocrx_word' id='word_1_68' title='bbox 231 1332 354 1431; x_wconf 82' lang='lat' dir='ltr'>priam3</span> <span class='ocrx_word' id='word_1_69' title='bbox 377 1366 449 1408; x_wconf 91' lang='lat' dir='ltr'>cum</span> <span class='ocrx_word' id='word_1_70' title='bbox 470 1365 548 1408; x_wconf 86' lang='lat' dir='ltr'>vero</span> <span class='ocrx_word' id='word_1_71' title='bbox 571 1365 612 1408; x_wconf 89' lang='lat' dir='ltr'>ex</span> <span class='ocrx_word' id='word_1_72' title='bbox 635 1365 727 1430; x_wconf 91' lang='lat' dir='ltr'>squu.</span> <span class='ocrx_word' id='word_1_73' title='bbox 750 1352 878 1431; x_wconf 87' lang='lat' dir='ltr'>pateat,</span> <span class='ocrx_word' id='word_1_74' title='bbox 898 1342 960 1409; x_wconf 92' lang='lat' dir='ltr'>boc</span> <span class='ocrx_word' id='word_1_75' title='bbox 982 1343 1052 1430; x_wconf 88' lang='lat' dir='ltr'>spei</span> <span class='ocrx_word' id='word_1_76' title='bbox 1073 1342 1234 1409; x_wconf 85' lang='lat' dir='ltr'>obiectum</span> <span class='ocrx_word' id='word_1_77' title='bbox 1256 1339 1331 1408; x_wconf 86' lang='lat' dir='ltr'>esse</span> 
     </span>
     <span class='ocr_line' id='line_1_11' title="bbox 231 1458 1332 1553; baseline 0.001 -29"><span class='ocrx_word' id='word_1_78' title='bbox 231 1460 481 1546; x_wconf 79' lang='lat' dir='ltr'>patefactionem</span> <span class='ocrx_word' id='word_1_79' title='bbox 502 1459 626 1546; x_wconf 84' lang='lat' dir='ltr'>gloriae</span> <span class='ocrx_word' id='word_1_80' title='bbox 648 1458 787 1545; x_wconf 85' lang='lat' dir='ltr'>Christi,</span> <span class='ocrx_word' id='word_1_81' title='bbox 818 1462 845 1526; x_wconf 91' lang='lat' dir='ltr'>is</span> <span class='ocrx_word' id='word_1_82' title='bbox 875 1461 936 1526; x_wconf 89' lang='lat' dir='ltr'>erit</span> <span class='ocrx_word' id='word_1_83' title='bbox 957 1483 1054 1525; x_wconf 89' lang='lat' dir='ltr'>verus</span> <span class='ocrx_word' id='word_1_84' title='bbox 1075 1460 1174 1553; x_wconf 89' lang='lat' dir='ltr'>totius</span> <span class='ocrx_word' id='word_1_85' title='bbox 1193 1459 1332 1525; x_wconf 89' lang='lat' dir='ltr'>locutio·</span> 
     </span>
     <span class='ocr_line' id='line_1_12' title="bbox 231 1575 1332 1665; baseline 0.003 -26"><span class='ocrx_word' id='word_1_86' title='bbox 231 1575 288 1640; x_wconf 89' lang='lat' dir='ltr'>nis·</span> <span class='ocrx_word' id='word_1_87' title='bbox 312 1575 446 1658; x_wconf 88' lang='lat' dir='ltr'>sensus,</span> <span class='ocrx_word' id='word_1_88' title='bbox 473 1587 646 1664; x_wconf 86' lang='lat' dir='ltr'>expectare</span> <span class='ocrx_word' id='word_1_89' title='bbox 674 1602 733 1644; x_wconf 89' lang='lat' dir='ltr'>nos</span> <span class='ocrx_word' id='word_1_90' title='bbox 759 1579 888 1644; x_wconf 90' lang='lat' dir='ltr'>beatam</span> <span class='ocrx_word' id='word_1_91' title='bbox 908 1577 1047 1644; x_wconf 86' lang='lat' dir='ltr'>Domini·</span> <span class='ocrx_word' id='word_1_92' title='bbox 1061 1576 1215 1665; x_wconf 83' lang='lat' dir='ltr'>gloriam,</span> <span class='ocrx_word' id='word_1_93' title='bbox 1244 1599 1332 1665; x_wconf 84' lang='lat' dir='ltr'>quae</span> 
     </span>
     <span class='ocr_line' id='line_1_13' title="bbox 231 1668 1333 1789; baseline 0.002 -32"><span class='ocrx_word' id='word_1_94' title='bbox 231 1693 403 1789; x_wconf 25' lang='lat' dir='ltr'>iamlnuuc</span> <span class='ocrx_word' id='word_1_95' title='bbox 421 1695 533 1761; x_wconf 88' lang='lat' dir='ltr'>beatos</span> <span class='ocrx_word' id='word_1_96' title='bbox 554 1717 614 1760; x_wconf 89' lang='lat' dir='ltr'>nos</span> <span class='ocrx_word' id='word_1_97' title='bbox 632 1695 754 1761; x_wconf 86' lang='lat' dir='ltr'>reddat.</span> <span class='ocrx_word' id='word_1_98' title='bbox 794 1694 862 1762; x_wconf 81' lang='lat' dir='ltr'>cfr.</span> <span class='ocrx_word' id='word_1_99' title='bbox 881 1696 983 1760; x_wconf 88' lang='lat' dir='ltr'>simile</span> <span class='ocrx_word' id='word_1_100' title='bbox 1006 1695 1195 1761; x_wconf 88' lang='lat' dir='ltr'>attributum</span> <span class='ocrx_word' id='word_1_101' title='bbox 1217 1668 1333 1789; x_wconf 63' lang='grc' dir='ltr'><strong><em>οἷγαδῆ</em></strong></span> 
     </span>
     <span class='ocr_line' id='line_1_14' title="bbox 232 1799 1334 1907; baseline -0.001 -31"><span class='ocrx_word' id='word_1_102' title='bbox 232 1808 273 1876; x_wconf 86' lang='grc' dir='ltr'>Π</span> <span class='ocrx_word' id='word_1_103' title='bbox 295 1806 410 1875; x_wconf 79' lang='lat' dir='ltr'>Thess.</span> <span class='ocrx_word' id='word_1_104' title='bbox 438 1817 467 1894; x_wconf 81' lang='lat'>2,</span> <span class='ocrx_word' id='word_1_105' title='bbox 485 1808 524 1876; x_wconf 70' lang='lat'>&#39;16</span> <span class='ocrx_word' id='word_1_106' title='bbox 552 1836 559 1878; x_wconf 91' lang='lat'>:</span> <span class='ocrx_word' id='word_1_107' title='bbox 589 1808 673 1887; x_wconf 74' lang='grc' dir='ltr'><strong><em>δεδς</em></strong></span> <span class='ocrx_word' id='word_1_108' title='bbox 695 1861 702 1876; x_wconf 94' lang='grc'><strong>.</strong></span> <span class='ocrx_word' id='word_1_109' title='bbox 725 1858 764 1876; x_wconf 90' lang='grc'>..</span> <span class='ocrx_word' id='word_1_110' title='bbox 793 1805 811 1876; x_wconf 88' lang='grc' dir='ltr'>ὁ</span> <span class='ocrx_word' id='word_1_111' title='bbox 841 1799 1013 1898; x_wconf 76' lang='grc' dir='ltr'><strong><em>οἷγαπὴοας</em></strong></span> <span class='ocrx_word' id='word_1_112' title='bbox 1040 1804 1125 1899; x_wconf 72' lang='grc' dir='ltr'><strong><em>ἡμᾶς</em></strong></span> <span class='ocrx_word' id='word_1_113' title='bbox 1159 1808 1215 1876; x_wconf 81' lang='grc' dir='ltr'>καὶ</span> <span class='ocrx_word' id='word_1_114' title='bbox 1253 1800 1334 1907; x_wconf 81' lang='grc' dir='ltr'><strong><em>δοδς</em></strong></span> 
     </span>
     <span class='ocr_line' id='line_1_15' title="bbox 231 1912 1334 2014; baseline 0.002 -22"><span class='ocrx_word' id='word_1_115' title='bbox 231 1912 439 2012; x_wconf 80' lang='grc' dir='ltr'><strong><em>’παροίκλησιν</em></strong></span> <span class='ocrx_word' id='word_1_116' title='bbox 467 1920 601 1993; x_wconf 75' lang='grc' dir='ltr'><strong><em>αἰωνίαν</em></strong></span> <span class='ocrx_word' id='word_1_117' title='bbox 631 1925 686 1992; x_wconf 82' lang='grc' dir='ltr'>καὶ</span> <span class='ocrx_word' id='word_1_118' title='bbox 716 1924 840 1993; x_wconf 80' lang='grc' dir='ltr'><strong><em>ἐλπίδα</em></strong></span> <span class='ocrx_word' id='word_1_119' title='bbox 867 1918 1012 2014; x_wconf 73' lang='grc' dir='ltr'>οἷγαθῆν,</span> <span class='ocrx_word' id='word_1_120' title='bbox 1049 1929 1106 1994; x_wconf 92' lang='lat' dir='ltr'>ubi</span> <span class='ocrx_word' id='word_1_121' title='bbox 1134 1928 1334 1994; x_wconf 81' lang='lat' dir='ltr'>antecedens</span> 
     </span>
     <span class='ocr_line' id='line_1_16' title="bbox 232 2031 1334 2131; baseline 0.004 -24"><span class='ocrx_word' id='word_1_122' title='bbox 232 2031 441 2131; x_wconf 73' lang='grc' dir='ltr'><strong><em>παράκλησιν</em></strong></span> <span class='ocrx_word' id='word_1_123' title='bbox 469 2038 604 2108; x_wconf 83' lang='grc' dir='ltr'><strong><em>αἰωνίαν</em></strong></span> <span class='ocrx_word' id='word_1_124' title='bbox 629 2043 766 2109; x_wconf 88' lang='lat' dir='ltr'>inservit</span> <span class='ocrx_word' id='word_1_125' title='bbox 792 2034 1002 2110; x_wconf 80' lang='lat' dir='ltr'>illustrandae</span> <span class='ocrx_word' id='word_1_126' title='bbox 1029 2045 1185 2111; x_wconf 90' lang='lat' dir='ltr'>locutioni</span> <span class='ocrx_word' id='word_1_127' title='bbox 1206 2038 1334 2111; x_wconf 83' lang='grc' dir='ltr'><strong><em>ἐλπίδα</em></strong></span> 
     </span>
     <span class='ocr_line' id='line_1_17' title="bbox 231 2147 1335 2253; baseline 0.004 -29"><span class='ocrx_word' id='word_1_128' title='bbox 231 2147 371 2253; x_wconf 55' lang='lat' dir='ltr'>ripaticis.</span> <span class='ocrx_word' id='word_1_129' title='bbox 423 2158 507 2246; x_wconf 84' lang='lat' dir='ltr'>Spes</span> <span class='ocrx_word' id='word_1_130' title='bbox 535 2168 641 2224; x_wconf 91' lang='lat' dir='ltr'>autem</span> <span class='ocrx_word' id='word_1_131' title='bbox 673 2161 758 2226; x_wconf 91' lang='lat' dir='ltr'>bona</span> <span class='ocrx_word' id='word_1_132' title='bbox 786 2170 835 2226; x_wconf 91' lang='lat' dir='ltr'>est</span> <span class='ocrx_word' id='word_1_133' title='bbox 859 2161 952 2245; x_wconf 88' lang='lat' dir='ltr'>talis,</span> <span class='ocrx_word' id='word_1_134' title='bbox 982 2184 1080 2250; x_wconf 89' lang='lat' dir='ltr'>quae,</span> <span class='ocrx_word' id='word_1_135' title='bbox 1108 2161 1184 2228; x_wconf 87' lang='lat' dir='ltr'>dum</span> <span class='ocrx_word' id='word_1_136' title='bbox 1204 2185 1335 2228; x_wconf 85' lang='lat' dir='ltr'>summa</span> 
     </span>
     <span class='ocr_line' id='line_1_18' title="bbox 231 2270 1335 2365; baseline 0.002 -22"><span class='ocrx_word' id='word_1_137' title='bbox 231 2272 318 2343; x_wconf 86' lang='lat' dir='ltr'>bona</span> <span class='ocrx_word' id='word_1_138' title='bbox 349 2276 411 2343; x_wconf 88' lang='lat' dir='ltr'>sibi</span> <span class='ocrx_word' id='word_1_139' title='bbox 440 2276 621 2342; x_wconf 84' lang='lat' dir='ltr'>obventura</span> <span class='ocrx_word' id='word_1_140' title='bbox 641 2286 810 2365; x_wconf 88' lang='lat' dir='ltr'>expectat,</span> <span class='ocrx_word' id='word_1_141' title='bbox 840 2279 915 2365; x_wconf 87' lang='lat' dir='ltr'>ipsa</span> <span class='ocrx_word' id='word_1_142' title='bbox 931 2278 996 2343; x_wconf 91' lang='lat' dir='ltr'>iam</span> <span class='ocrx_word' id='word_1_143' title='bbox 1015 2279 1099 2344; x_wconf 86' lang='lat' dir='ltr'>bene</span> <span class='ocrx_word' id='word_1_144' title='bbox 1122 2300 1157 2343; x_wconf 90' lang='lat' dir='ltr'>se</span> <span class='ocrx_word' id='word_1_145' title='bbox 1177 2270 1278 2355; x_wconf 74' lang='lat' dir='ltr'>habet</span> <span class='ocrx_word' id='word_1_146' title='bbox 1299 2276 1335 2359; x_wconf 83' lang='lat' dir='ltr'>et</span> 
     </span>
     <span class='ocr_line' id='line_1_19' title="bbox 230 2371 1334 2483; baseline 0.001 -23"><span class='ocrx_word' id='word_1_147' title='bbox 230 2395 307 2461; x_wconf 86' lang='lat' dir='ltr'>beat</span> <span class='ocrx_word' id='word_1_148' title='bbox 329 2403 532 2482; x_wconf 86' lang='lat' dir='ltr'>sperantem,</span> <span class='ocrx_word' id='word_1_149' title='bbox 555 2389 637 2459; x_wconf 87' lang='lat' dir='ltr'>sicut</span> <span class='ocrx_word' id='word_1_150' title='bbox 658 2394 807 2459; x_wconf 87' lang='lat' dir='ltr'>solatium</span> <span class='ocrx_word' id='word_1_151' title='bbox 828 2403 997 2460; x_wconf 90' lang='lat' dir='ltr'>aeternum</span> <span class='ocrx_word' id='word_1_152' title='bbox 1018 2371 1162 2480; x_wconf 19' lang='lat' dir='ltr'>est-tale,</span> <span class='ocrx_word' id='word_1_153' title='bbox 1187 2379 1275 2483; x_wconf 75' lang='lat' dir='ltr'>quosl</span> <span class='ocrx_word' id='word_1_154' title='bbox 1297 2392 1334 2462; x_wconf 90' lang='lat' dir='ltr'>in</span> 
     </span>
     <span class='ocr_line' id='line_1_20' title="bbox 232 2484 741 2577; baseline -0.006 0"><span class='ocrx_word' id='word_1_155' title='bbox 232 2534 358 2577; x_wconf 90' lang='lat' dir='ltr'>omnem</span> <span class='ocrx_word' id='word_1_156' title='bbox 380 2484 603 2576; x_wconf 87' lang='lat' dir='ltr'>aeternitatem</span> <span class='ocrx_word' id='word_1_157' title='bbox 624 2520 741 2575; x_wconf 89' lang='lat' dir='ltr'>manet.</span> 
     </span>
    </p>

    <p class='ocr_par' dir='ltr' id='par_1_6' title="bbox 230 2606 1352 4254">
     <span class='ocr_line' id='line_1_21' title="bbox 315 2606 1352 2716; baseline 0.004 -24"><span class='ocrx_word' id='word_1_158' title='bbox 315 2631 344 2694; x_wconf 85' lang='lat'>7.</span> <span class='ocrx_word' id='word_1_159' title='bbox 389 2626 509 2694; x_wconf 87' lang='lat' dir='ltr'>Omnia</span> <span class='ocrx_word' id='word_1_160' title='bbox 544 2627 624 2692; x_wconf 87' lang='lat' dir='ltr'>haee</span> <span class='ocrx_word' id='word_1_161' title='bbox 659 2627 815 2693; x_wconf 88' lang='lat' dir='ltr'>attributa</span> <span class='ocrx_word' id='word_1_162' title='bbox 849 2628 919 2716; x_wconf 89' lang='lat' dir='ltr'>spei</span> <span class='ocrx_word' id='word_1_163' title='bbox 950 2627 1043 2716; x_wconf 89' lang='lat' dir='ltr'>quasi</span> <span class='ocrx_word' id='word_1_164' title='bbox 1072 2628 1271 2715; x_wconf 85' lang='lat' dir='ltr'>colliguntur</span> <span class='ocrx_word' id='word_1_165' title='bbox 1299 2606 1352 2696; x_wconf 82' lang='lat' dir='ltr'>et‘</span> 
     </span>
     <span class='ocr_line' id='line_1_22' title="bbox 233 2739 1334 2834; baseline 0.002 -23"><span class='ocrx_word' id='word_1_166' title='bbox 233 2754 494 2811; x_wconf 85' lang='lat' dir='ltr'>consummantur</span> <span class='ocrx_word' id='word_1_167' title='bbox 512 2745 701 2833; x_wconf 79' lang='lat' dir='ltr'>perfectione</span> <span class='ocrx_word' id='word_1_168' title='bbox 733 2739 941 2832; x_wconf 82' lang='grc' dir='ltr'>(τελειότης),</span> <span class='ocrx_word' id='word_1_169' title='bbox 957 2750 1067 2834; x_wconf 60' lang='grc' dir='ltr'>4ποτε]</span> <span class='ocrx_word' id='word_1_170' title='bbox 1088 2746 1158 2833; x_wconf 91' lang='lat' dir='ltr'>spei</span> <span class='ocrx_word' id='word_1_171' title='bbox 1179 2746 1295 2812; x_wconf 88' lang='lat' dir='ltr'>tribuit</span> <span class='ocrx_word' id='word_1_172' title='bbox 1315 2746 1334 2813; x_wconf 93' lang='lat' dir='ltr'>I</span> 
     </span>
     <span class='ocr_line' id='line_1_23' title="bbox 231 2854 1334 2948; baseline 0.001 -19"><span class='ocrx_word' id='word_1_173' title='bbox 231 2863 320 2929; x_wconf 90' lang='lat' dir='ltr'>Petr.</span> <span class='ocrx_word' id='word_1_174' title='bbox 347 2868 438 2948; x_wconf 86' lang='lat'>1,13.</span> <span class='ocrx_word' id='word_1_175' title='bbox 480 2863 533 2930; x_wconf 88' lang='lat' dir='ltr'>Ibi</span> <span class='ocrx_word' id='word_1_176' title='bbox 562 2863 646 2928; x_wconf 90' lang='lat' dir='ltr'>enim</span> <span class='ocrx_word' id='word_1_177' title='bbox 678 2863 845 2929; x_wconf 86' lang='lat' dir='ltr'>vocabulis</span> <span class='ocrx_word' id='word_1_178' title='bbox 867 2889 875 2930; x_wconf 94' lang='lat'><strong>:</strong></span> <span class='ocrx_word' id='word_1_179' title='bbox 894 2859 1071 2939; x_wconf 81' lang='grc' dir='ltr'><strong><em>τελείως</em></strong></span> <span class='ocrx_word' id='word_1_180' title='bbox 1091 2860 1250 2928; x_wconf 80' lang='grc' dir='ltr'><strong><em>ἐλπίσατε</em></strong></span> <span class='ocrx_word' id='word_1_181' title='bbox 1273 2854 1334 2930; x_wconf 81' lang='grc' dir='ltr'>ἐπί</span> 
     </span>
     <span class='ocr_line' id='line_1_24' title="bbox 230 2971 1334 3070; baseline 0.004 -26"><span class='ocrx_word' id='word_1_182' title='bbox 230 2971 286 3066; x_wconf 74' lang='grc' dir='ltr'>τήν</span> <span class='ocrx_word' id='word_1_183' title='bbox 314 2980 495 3068; x_wconf 79' lang='grc' dir='ltr'><strong><em>φερομνὲην</em></strong></span> <span class='ocrx_word' id='word_1_184' title='bbox 521 2976 596 3062; x_wconf 79' lang='grc' dir='ltr'><strong><em>ὑμῖν</em></strong></span> <span class='ocrx_word' id='word_1_185' title='bbox 615 2973 713 3070; x_wconf 75' lang='grc' dir='ltr'><strong><em>χοίριν</em></strong></span> <span class='ocrx_word' id='word_1_186' title='bbox 732 2981 798 3046; x_wconf 85' lang='grc' dir='ltr'><strong><em>κτλ.</em></strong></span> <span class='ocrx_word' id='word_1_187' title='bbox 818 2983 993 3070; x_wconf 89' lang='lat' dir='ltr'>praecipue</span> <span class='ocrx_word' id='word_1_188' title='bbox 1015 3004 1091 3046; x_wconf 90' lang='lat' dir='ltr'>sane</span> <span class='ocrx_word' id='word_1_189' title='bbox 1112 2981 1334 3070; x_wconf 86' lang='lat' dir='ltr'>respiciuntur</span> 
     </span>
     <span class='ocr_line' id='line_1_25' title="bbox 231 3098 1334 3189; baseline -0.001 -25"><span class='ocrx_word' id='word_1_190' title='bbox 231 3099 411 3166; x_wconf 87' lang='lat' dir='ltr'>constantia</span> <span class='ocrx_word' id='word_1_191' title='bbox 434 3107 467 3165; x_wconf 93' lang='lat' dir='ltr'>et</span> <span class='ocrx_word' id='word_1_192' title='bbox 487 3099 641 3165; x_wconf 87' lang='lat' dir='ltr'>fortitudo</span> <span class='ocrx_word' id='word_1_193' title='bbox 664 3099 780 3189; x_wconf 81' lang='lat' dir='ltr'>animi,</span> <span class='ocrx_word' id='word_1_194' title='bbox 803 3123 886 3187; x_wconf 90' lang='lat' dir='ltr'>quae</span> <span class='ocrx_word' id='word_1_195' title='bbox 909 3109 1093 3186; x_wconf 83' lang='lat' dir='ltr'>sperantem</span> <span class='ocrx_word' id='word_1_196' title='bbox 1114 3099 1221 3181; x_wconf 88' lang='lat' dir='ltr'>decet,</span> <span class='ocrx_word' id='word_1_197' title='bbox 1249 3098 1334 3186; x_wconf 85' lang='lat' dir='ltr'>vigi·</span> 
     </span>
     <span class='ocr_line' id='line_1_26' title="bbox 232 3208 1333 3299; baseline -0.001 -18"><span class='ocrx_word' id='word_1_198' title='bbox 232 3208 332 3283; x_wconf 87' lang='lat' dir='ltr'>lautia</span> <span class='ocrx_word' id='word_1_199' title='bbox 360 3217 416 3282; x_wconf 90' lang='lat' dir='ltr'>illa</span> <span class='ocrx_word' id='word_1_200' title='bbox 446 3225 478 3281; x_wconf 87' lang='lat' dir='ltr'>et</span> <span class='ocrx_word' id='word_1_201' title='bbox 500 3216 680 3299; x_wconf 90' lang='lat' dir='ltr'>sobrietas,</span> <span class='ocrx_word' id='word_1_202' title='bbox 710 3216 800 3281; x_wconf 90' lang='lat' dir='ltr'>euius</span> <span class='ocrx_word' id='word_1_203' title='bbox 830 3215 887 3280; x_wconf 81' lang='lat' dir='ltr'>vix</span> <span class='ocrx_word' id='word_1_204' title='bbox 915 3215 1036 3281; x_wconf 91' lang='lat' dir='ltr'>mentio</span> <span class='ocrx_word' id='word_1_205' title='bbox 1058 3215 1144 3279; x_wconf 89' lang='lat' dir='ltr'>facta</span> <span class='ocrx_word' id='word_1_206' title='bbox 1165 3223 1248 3299; x_wconf 90' lang='lat' dir='ltr'>erat,</span> <span class='ocrx_word' id='word_1_207' title='bbox 1277 3215 1333 3280; x_wconf 76' lang='lat' dir='ltr'>vel</span> 
     </span>
     <span class='ocr_line' id='line_1_27' title="bbox 231 3322 1334 3427; baseline -0.003 -27"><span class='ocrx_word' id='word_1_208' title='bbox 231 3334 390 3427; x_wconf 82' lang='lat' dir='ltr'>malorum</span> <span class='ocrx_word' id='word_1_209' title='bbox 418 3333 607 3422; x_wconf 83' lang='lat' dir='ltr'>tolerantia,</span> <span class='ocrx_word' id='word_1_210' title='bbox 637 3333 676 3398; x_wconf 86' lang='lat' dir='ltr'>‹le</span> <span class='ocrx_word' id='word_1_211' title='bbox 700 3325 770 3421; x_wconf 86' lang='lat' dir='ltr'>¹qua</span> <span class='ocrx_word' id='word_1_212' title='bbox 796 3356 827 3398; x_wconf 81' lang='lat' dir='ltr'>v.</span> <span class='ocrx_word' id='word_1_213' title='bbox 850 3336 945 3397; x_wconf 85' lang='lat'>6-9</span> <span class='ocrx_word' id='word_1_214' title='bbox 969 3353 1073 3398; x_wconf 90' lang='lat' dir='ltr'>sermo</span> <span class='ocrx_word' id='word_1_215' title='bbox 1094 3333 1209 3398; x_wconf 87' lang='lat' dir='ltr'>fuerat.</span> <span class='ocrx_word' id='word_1_216' title='bbox 1253 3322 1334 3397; x_wconf 86' lang='lat' dir='ltr'>Non</span> 
     </span>
     <span class='ocr_line' id='line_1_28' title="bbox 231 3447 1333 3538; baseline -0.001 -22"><span class='ocrx_word' id='word_1_217' title='bbox 231 3460 341 3516; x_wconf 87' lang='lat' dir='ltr'>tamen</span> <span class='ocrx_word' id='word_1_218' title='bbox 362 3451 461 3538; x_wconf 90' lang='lat' dir='ltr'>plane</span> <span class='ocrx_word' id='word_1_219' title='bbox 482 3449 651 3516; x_wconf 89' lang='lat' dir='ltr'>reiecerim</span> <span class='ocrx_word' id='word_1_220' title='bbox 672 3474 742 3516; x_wconf 90' lang='lat' dir='ltr'>cum</span> <span class='ocrx_word' id='word_1_221' title='bbox 778 3450 956 3518; x_wconf 89' lang='lat' dir='ltr'>Weissio</span> <span class='ocrx_word' id='word_1_222' title='bbox 995 3449 1042 3536; x_wconf 91' lang='lat' dir='ltr'>(p.</span> <span class='ocrx_word' id='word_1_223' title='bbox 1063 3454 1113 3531; x_wconf 89' lang='lat'>93,</span> <span class='ocrx_word' id='word_1_224' title='bbox 1134 3457 1180 3513; x_wconf 92' lang='lat' dir='ltr'>nt.</span> <span class='ocrx_word' id='word_1_225' title='bbox 1205 3447 1237 3532; x_wconf 91' lang='lat' dir='ltr'>l)</span> <span class='ocrx_word' id='word_1_226' title='bbox 1259 3471 1333 3515; x_wconf 88' lang='lat' dir='ltr'>earn</span> 
     </span>
     <span class='ocr_line' id='line_1_29' title="bbox 232 3544 1334 3656; baseline -0.001 -23"><span class='ocrx_word' id='word_1_227' title='bbox 232 3567 378 3633; x_wconf 90' lang='lat' dir='ltr'>adverbii</span> <span class='ocrx_word' id='word_1_228' title='bbox 395 3564 531 3643; x_wconf 80' lang='grc' dir='ltr'><strong><em>τελείως</em></strong></span> <span class='ocrx_word' id='word_1_229' title='bbox 556 3544 818 3654; x_wconf 80' lang='lat' dir='ltr'>explicationem,</span> <span class='ocrx_word' id='word_1_230' title='bbox 846 3591 943 3656; x_wconf 92' lang='lat' dir='ltr'>quam</span> <span class='ocrx_word' id='word_1_231' title='bbox 964 3566 1130 3654; x_wconf 85' lang='lat' dir='ltr'>Bengel.</span> <span class='ocrx_word' id='word_1_232' title='bbox 1152 3566 1334 3654; x_wconf 86' lang='lat' dir='ltr'>proposuit,</span> 
     </span>
     <span class='ocr_line' id='line_1_30' title="bbox 232 3681 1334 3773; baseline -0.006 -19"><span class='ocrx_word' id='word_1_233' title='bbox 232 3688 402 3754; x_wconf 83' lang='lat' dir='ltr'>conferens</span> <span class='ocrx_word' id='word_1_234' title='bbox 436 3688 593 3753; x_wconf 87' lang='lat' dir='ltr'>substant.</span> <span class='ocrx_word' id='word_1_235' title='bbox 626 3685 719 3762; x_wconf 83' lang='grc' dir='ltr'><strong><em>τέλος</em></strong></span> <span class='ocrx_word' id='word_1_236' title='bbox 746 3710 754 3750; x_wconf 79' lang='lat' dir='ltr'><strong><em>z</em></strong></span> <span class='ocrx_word' id='word_1_237' title='bbox 784 3686 947 3772; x_wconf 80' lang='lat' dir='ltr'>,perfecte</span> <span class='ocrx_word' id='word_1_238' title='bbox 978 3693 1117 3773; x_wconf 84' lang='lat' dir='ltr'>sperate,</span> <span class='ocrx_word' id='word_1_239' title='bbox 1147 3681 1168 3748; x_wconf 88' lang='lat' dir='ltr'>i.</span> <span class='ocrx_word' id='word_1_240' title='bbox 1199 3705 1226 3747; x_wconf 88' lang='lat' dir='ltr'>e.</span> <span class='ocrx_word' id='word_1_241' title='bbox 1260 3698 1334 3748; x_wconf 88' lang='lat' dir='ltr'>eam</span> 
     </span>
     <span class='ocr_line' id='line_1_31' title="bbox 233 3799 1334 3894; baseline -0.005 -23"><span class='ocrx_word' id='word_1_242' title='bbox 233 3828 323 3894; x_wconf 92' lang='lat' dir='ltr'>spem</span> <span class='ocrx_word' id='word_1_243' title='bbox 344 3804 470 3889; x_wconf 90' lang='lat' dir='ltr'>habete,</span> <span class='ocrx_word' id='word_1_244' title='bbox 493 3827 577 3894; x_wconf 89' lang='lat' dir='ltr'>quae</span> <span class='ocrx_word' id='word_1_245' title='bbox 597 3799 699 3885; x_wconf 83' lang='grc' dir='ltr'><strong><em>τέλος,</em></strong></span> <span class='ocrx_word' id='word_1_246' title='bbox 720 3802 742 3869; x_wconf 92' lang='lat' dir='ltr'>i.</span> <span class='ocrx_word' id='word_1_247' title='bbox 761 3824 789 3868; x_wconf 88' lang='lat' dir='ltr'>e.</span> <span class='ocrx_word' id='word_1_248' title='bbox 811 3801 908 3867; x_wconf 88' lang='lat' dir='ltr'>finem</span> <span class='ocrx_word' id='word_1_249' title='bbox 929 3799 1131 3889; x_wconf 88' lang='lat' dir='ltr'>propositum</span> <span class='ocrx_word' id='word_1_250' title='bbox 1153 3799 1334 3888; x_wconf 88' lang='lat' dir='ltr'>apprehen·</span> 
     </span>
     <span class='ocr_line' id='line_1_32' title="bbox 232 3917 1333 4017; baseline -0.006 -27"><span class='ocrx_word' id='word_1_251' title='bbox 232 3922 317 3990; x_wconf 84' lang='lat' dir='ltr'>dat.“</span> <span class='ocrx_word' id='word_1_252' title='bbox 359 3922 401 3988; x_wconf 93' lang='lat' dir='ltr'>In</span> <span class='ocrx_word' id='word_1_253' title='bbox 423 3945 460 3988; x_wconf 87' lang='lat' dir='ltr'>eo</span> <span class='ocrx_word' id='word_1_254' title='bbox 484 3921 569 3985; x_wconf 88' lang='lat' dir='ltr'>enim</span> <span class='ocrx_word' id='word_1_255' title='bbox 590 3920 731 3984; x_wconf 88' lang='lat' dir='ltr'>maxime</span> <span class='ocrx_word' id='word_1_256' title='bbox 752 3918 895 3984; x_wconf 89' lang='lat' dir='ltr'>cernitur</span> <span class='ocrx_word' id='word_1_257' title='bbox 916 3918 972 3984; x_wconf 89' lang='lat' dir='ltr'>illa</span> <span class='ocrx_word' id='word_1_258' title='bbox 990 3917 1145 4017; x_wconf 86' lang='lat' dir='ltr'>fortitudo</span> <span class='ocrx_word' id='word_1_259' title='bbox 1167 3919 1333 4005; x_wconf 90' lang='lat' dir='ltr'>roburque</span> 
     </span>
     <span class='ocr_line' id='line_1_33' title="bbox 231 4035 1331 4125; baseline -0.006 -20"><span class='ocrx_word' id='word_1_260' title='bbox 231 4038 313 4105; x_wconf 90' lang='lat' dir='ltr'>illud</span> <span class='ocrx_word' id='word_1_261' title='bbox 332 4037 489 4117; x_wconf 80' lang='lat' dir='ltr'>invictum</span> <span class='ocrx_word' id='word_1_262' title='bbox 509 4037 588 4125; x_wconf 89' lang='lat' dir='ltr'>spei,</span> <span class='ocrx_word' id='word_1_263' title='bbox 612 4036 698 4123; x_wconf 84' lang='lat' dir='ltr'>quod</span> <span class='ocrx_word' id='word_1_264' title='bbox 716 4035 756 4101; x_wconf 86' lang='lat' dir='ltr'>ad</span> <span class='ocrx_word' id='word_1_265' title='bbox 774 4036 871 4102; x_wconf 86' lang='lat' dir='ltr'>fincm</span> <span class='ocrx_word' id='word_1_266' title='bbox 887 4057 991 4123; x_wconf 91' lang='lat' dir='ltr'>usque</span> <span class='ocrx_word' id='word_1_267' title='bbox 1006 4042 1202 4120; x_wconf 85' lang='lat' dir='ltr'>perseverat,</span> <span class='ocrx_word' id='word_1_268' title='bbox 1223 4048 1331 4122; x_wconf 77' lang='lat' dir='ltr'>nequo¹</span> 
     </span>
     <span class='ocr_line' id='line_1_34' title="bbox 234 4150 1333 4254; baseline -0.005 -32"><span class='ocrx_word' id='word_1_269' title='bbox 234 4179 379 4246; x_wconf 88' lang='lat' dir='ltr'>unquam</span> <span class='ocrx_word' id='word_1_270' title='bbox 412 4157 506 4220; x_wconf 87' lang='lat' dir='ltr'>firma</span> <span class='ocrx_word' id='word_1_271' title='bbox 534 4176 592 4218; x_wconf 88' lang='lat' dir='ltr'>sua</span> <span class='ocrx_word' id='word_1_272' title='bbox 620 4151 737 4219; x_wconf 85' lang='lat' dir='ltr'>fiducia</span> <span class='ocrx_word' id='word_1_273' title='bbox 766 4152 937 4254; x_wconf 77' lang='lat' dir='ltr'>excutitur.</span> <span class='ocrx_word' id='word_1_274' title='bbox 985 4150 1054 4218; x_wconf 78' lang='lat' dir='ltr'>Otr.</span> <span class='ocrx_word' id='word_1_275' title='bbox 1081 4151 1184 4218; x_wconf 91' lang='lat' dir='ltr'>Hebr.</span> <span class='ocrx_word' id='word_1_276' title='bbox 1212 4156 1278 4234; x_wconf 83' lang='lat'>3,.6</span> <span class='ocrx_word' id='word_1_277' title='bbox 1299 4161 1333 4217; x_wconf 90' lang='lat' dir='ltr'>et</span> 
     </span>
    </p>
   </div>
   <div class='ocr_carea' id='block_1_6' title="bbox 0 0 1397 4724">
    <p class='ocr_par' dir='ltr' id='par_1_7' title="bbox 0 0 1397 4724">
     <span class='ocr_line' id='line_1_35' title="bbox 0 0 1397 4724; baseline 0 0"><span class='ocrx_word' id='word_1_278' title='bbox 0 0 1397 4724; x_wconf 95' lang='lat' dir='ltr'> </span> 
     </span>
    </p>
   </div>
  </div>
 </body>
</html>
