2782 4724
681 332 722 398 58

151 535 210 606 δεῖν
228 537 413 629 φανερωθῇ
434 536 516 627 (scil.
538 536 572 605 τί
591 526 756 621 ἐσόμεθα,
776 539 852 606 vide
872 562 921 608 vs.
937 546 966 625 2,
988 550 1022 608 et
1043 542 1193 612 deks
1215 547 1257 614 ad

151 659 183 724 h.
205 658 242 745 l.)
271 647 381 739 ὅμοιοι
403 651 500 750 αὐτῷ
526 645 694 739 ἐσόμεθα,
728 647 781 723 ότι
814 646 978 748 ὀψόμεθα
1005 649 1106 725 αότδν
1132 655 1258 742 καθιδς

150 772 246 842 ἐστιν.
288 775 417 843 Deinde
439 775 548 864 pergit
568 800 640 843 vsu.
662 781 681 840 3
703 799 711 840 :
732 774 787 842 καὶ
800 762 886 853 ’πᾶς
906 770 924 843 δ
943 771 1027 860 ἔχων
1047 756 1256 867 τῆν’δλπὶδα

150 882 269 979 ταύτην
294 892 361 958 κτλ.
403 893 575 977 Videmus,
606 893 773 963 Johannes
801 893 833 958 h.
855 894 877 959 l.
907 892 1090 963 describere
1121 898 1255 969 futurae

148 1010 393 1094 glorificationis
425 1019 543 1076 statum
571 1011 658 1078 haud
689 1011 853 1078 diversum
884 1013 925 1078 ab
948 1012 1023 1096 illo,
1057 1036 1160 1102 quem
1181 1018 1254 1107 ipse

150 1128 300 1199 Christus
320 1127 483 1216 praedixit
504 1127 580 1195 Joh.
607 1133 654 1211 17,
677 1133 731 1210 24,
753 1150 859 1216 neque
881 1129 978 1195 etiam
1000 1130 1041 1197 ab
1063 1148 1118 1215 eo,
1153 1157 1254 1222 quem

122 1243 124 1247 ’
149 1245 271 1314 Paulus
301 1246 422 1313 indicat
443 1245 516 1313 001.
538 1251 567 1330 3,
589 1253 639 1312 4:
668 1235 743 1310 όταν
768 1239 786 1310 ὁ
812 1245 961 1331 Χριστὸς
990 1252 1196 1340 φανερωθῇ,
1227 1247 1256 1340 ἦ

150 1352 219 1449 ζωή
244 1357 351 1450 ἡμῶν,
389 1357 464 1429 τότε
495 1361 551 1449 καὶ
579 1356 673 1444 ὑμεῖς
700 1360 761 1429 σδν
787 1355 881 1450 αὐτῷ
908 1360 1199 1454 φανερωθήσεσθε
1221 1368 1255 1438 ἐν

148 1478 240 1570 δοξῇ.
282 1479 369 1545 ΠΙσδ
386 1479 484 1545 'enim
506 1482 619 1567 parem
646 1481 699 1546 vel
729 1483 864 1548 similem
885 1485 967 1569 fieri
986 1482 1111 1552 Christo
1140 1511 1179 1554 re
1201 1500 1255 1558 est

148 1601 245 1689 plane
266 1597 354 1664 idem
380 1621 418 1664 ac
439 1597 612 1662 Paulinum
639 1587 909 1678 σονδοξόζεσθαι
937 1600 1162 1684 Rom.e,17;
1190 1599 1254 1673 τε]

147 1713 366 1803 περιποίησις
388 1711 488 1804 δόξης
507 1716 570 1780 τοῦ
583 1714 705 1804 ,κυρίου
726 1710 818 1805 ἡμῶν
837 1707 863 1782 ’7.
879 1723 945 1804 Χρ.
967 1718 1004 1783 Π
1017 1717 1131 1785 Thess.
1148 1727 1178 1804 2,
1196 1728 1255 1810 14;

149 1842 183 1900 et
203 1856 315 1901 rursus
343 1846 521 1920 conspectus
541 1833 610 1898 Dei
634 1856 776 1898 summus
806 1834 880 1898 finis
909 1834 1143 1921 expectationis
1166 1837 1254 1905 Pan·

147 1951 233 2018 linae
256 1961 305 2017 est
325 1951 343 2016 I
365 1949 638 2035 Gor.13,12;H
660 1948 735 2017 Cor.
758 1953 787 2033 5,
804 1952 833 2016 7.
876 1948 945 2018 cfr.
968 1952 1097 2017 omnino
1119 1952 1156 2020 Π
1172 1953 1253 2023 Cor.

147 2074 261 2152 3,18:
289 2061 385 2156 ἡμεῖς
418 2065 456 2133 δὲ
495 2059 618 2142 πάντες
650 2056 944 2153 όνακεκαλαμμένῳ
984 2059 1158 2156 προσιόπῳ
1193 2065 1255 2159 τήν

147 2178 253 2269 δόξαν
272 2183 386 2274 κυρίου
412 2172 705 2271 κατοπτριζόμενοι
735 2181 792 2275 την
817 2175 917 2272 αιῗτην
943 2175 1053 2252 εἰκόνα
1071 2207 1254 2278 μεταμορ-

76 2381 81 2391 .
146 2291 310 2389 φοόμεθα
331 2292 399 2369 οἷπδ
421 2293 520 2388 δόξης
539 2297 589 2376 εἷς
611 2293 728 2382 δόξαν,
749 2301 806 2368 ubi
827 2325 940 2368 sensus
962 2313 1020 2387 est,
1041 2306 1254 2376 transformc-
1284 2340 1293 2353 ³

147 2421 267 2486 tionem
289 2419 330 2485 ed
351 2419 525 2506 imaginem
547 2418 669 2487 Christi
690 2418 775 2483 effici
797 2428 931 2506 aspectu
953 2420 1076 2508 gloriae
1100 2421 1181 2507 eius,
1203 2425 1253 2492 ita

146 2545 183 2602 ut
209 2535 353 2624 aglorie
379 2535 500 2603 Christi
527 2535 751 2622 proficiscatur
778 2545 899 2602 nostra.
950 2538 1003 2603 Ite
1029 2539 1115 2604 enim
1144 2543 1252 2630 expli·

146 2654 249 2721 canda
276 2662 384 2720 statuo
410 2675 500 2719 voce.
529 2643 602 2718 οἷπό
623 2640 724 2740 δόξης
750 2647 799 2729 εἷς
829 2642 934 2736 δόξαν
958 2678 1032 2721 cum
1058 2658 1249 2745 Meyero,

145 2793 213 2838 non
240 2779 378 2837 eutem:
409 2792 501 2856 „von
530 2771 621 2837 einer
647 2771 805 2837 Klarheit
824 2795 883 2837 zur
916 2772 1064 2838 endern“
1108 2774 1251 2858 (immer

144 2887 312 2974 hdheren),
334 2896 371 2954 ut
390 2886 508 2954 Luth.
530 2887 637 2953 etalii
658 2888 863 2976 interpretati
885 2897 970 2955 sunt.

228 3003 428 3094 Simpliciter
450 3000 534 3086 δόξα
554 3014 690 3071 vocatur
709 3005 871 3072 obiectum
893 3006 962 3092 spei
983 3006 1070 3094 apud
1084 3006 1248 3080 Paulum:
1271 3051 1277 3065 ι

58 3184 60 3189 .
142 3124 238 3192 Rom.
260 3126 289 3208 5,
312 3129 360 3190 2:
386 3123 441 3190 καὶ
469 3110 719 3205 κατ’χόμεθα
704 3127 757 3188 επ’
782 3120 899 3189 ἐλπίδι
925 3122 982 3209 τῆς
1014 3111 1111 3213 δόξης
1140 3129 1248 3209 θεοῦ,

74 3296 80 3306 ,
143 3237 214 3310 001.
240 3247 267 3325 1,
289 3240 357 3306 27:
378 3229 414 3315 ός
435 3237 521 3305 ἐστιν
543 3236 691 3327 Χριστός
717 3238 751 3308 ἐν
771 3237 858 3322 δμῖν,
886 3235 907 3328 ἦ
933 3237 1030 3318 ἐλπὶς
1050 3264 1107 3329 της
1134 3215 1247 3333 δόξης,

141 3358 198 3424 ubi
218 3355 316 3432 ἐλπὶς
336 3356 467 3422 denotet
487 3356 733 3424 fundamentum
753 3359 806 3425 vel
828 3368 993 3426 auctorem
1013 3360 1093 3446 spei.
1136 3362 1264 3430 Paulo

142 3474 238 3542 aliter
257 3475 323 3542 Tit.
336 3480 412 3560 2,13
434 3473 595 3541 obiectum
616 3475 769 3562 sperandi
789 3484 839 3542 est
859 3469 1042 3560 ε’πιφδνεια
1061 3498 1120 3562 της
1140 3466 1246 3568 δόξης

141 3593 200 3660 τοῦ
227 3586 373 3678 μεγάλου
404 3594 491 3658 θεοῦ
523 3593 579 3661 καὶ
611 3592 756 3683 σωτῆρος
790 3587 882 3681 ἡμῶν
906 3584 932 3659 ’1.
960 3599 1026 3681 Χρ.
1084 3592 1245 3664 Similiter

141 3709 236 3778 Rom.
259 3715 289 3795 8,
313 3715 349 3775 18
370 3709 449 3777 haec
471 3693 577 3800 gloria
597 3711 715 3780 dieitur
745 3703 834 3792 δόξα
852 3707 1019 3793 μέλλουσα
1039 3701 1242 3801 α’ποκαλνφ-

140 3827 245 3918 θῆναι
265 3822 315 3904 εἷς
334 3820 442 3917 ἡμᾶς
461 3829 518 3895 ubi
538 3837 666 3917 tempus
688 3829 816 3895 futurae
838 3828 1066 3914 revelationis,
1087 3828 1121 3894 in
1142 3852 1243 3918 quem

86 4007 91 4017 .
141 3944 323 4033 respicitur,
345 3954 395 4012 est
414 3945 547 4034 perusia
567 3944 705 4029 Christi3
727 3945 786 4011 cir.
808 3944 880 4014 001.
903 3951 966 4030 3,3
989 3968 997 4013 ε
1018 3940 1038 4035 ἦ
1060 3942 1128 4033 ζωὴ
1149 3940 1242 4029 ὑμῶν

142 4057 320 4149 κέκρυπται
348 4059 406 4130 σδν
431 4064 481 4149 τῷ
501 4061 642 4149 Χριστῷ
668 4060 702 4130 ἐν
726 4063 775 4149 τῷ
795 4063 872 4149 θεῷ
893 4073 954 4131 etc.
976 4101 1017 4112 —
1038 4065 1134 4132 Hanc
1160 4087 1240 4132 vero

141 4171 241 4263 δόξαν
255 4204 415 4249 summurn
436 4190 469 4247 et
489 4180 637 4246 ultimum
658 4203 729 4262 esse
749 4181 847 4249 finem
867 4181 967 4247 totius
990 4182 1103 4249 salutis
1125 4182 1241 4250 divini·

141 4305 194 4370 tus
214 4298 378 4368 revelatae
397 4298 436 4378 in
451 4297 513 4365 hoc
534 4305 568 4366 et
587 4297 622 4365 in
644 4298 745 4367 altero
767 4299 895 4384 secule',
914 4307 1008 4387 petet
1026 4321 1070 4366 ex
1089 4298 1186 4400 Rom.
1208 4306 1240 4387 9,
