2782 4724
681 337 722 402 69

143 555 201 634 23,
229 547 288 614 nbi
323 545 419 612 electi
449 553 607 610 vocantur
635 530 735 629 σκεύη
761 540 871 621 ἐλέους
902 532 925 610 ἃ
951 540 1195 632 προητοίμασεν
1216 541 1252 627 (δ

145 655 258 751 θεός)
284 658 336 739 εἰς
363 649 467 743 δόξαν
494 661 577 747 (scil.
606 650 732 740 αὐτῶν,
762 662 803 727 ad
829 662 918 748 ipsos
947 663 1191 750 glorificandos,
1218 686 1251 729 v.
1314 679 1317 685 ’

148 783 292 870 Philipp.
323 781 365 864 ad
385 780 417 845 h.
439 779 492 865 l.);
526 779 583 845 cfr.
613 778 709 845 Rom.
733 781 780 864 15,
802 782 842 856 73
867 780 886 845 I
908 777 984 846 Cor.
1006 785 1036 863 2,
1060 782 1088 846 7.
1139 780 1250 862 Quare
1359 798 1363 810 ·

146 902 231 968 haee
259 885 343 979 δόξα
371 899 502 992 saepius
530 896 685 961 attributo
711 895 910 962 aeternitatis
942 897 1131 984 insignitur,
1166 921 1199 964 v.
1221 923 1249 965 ο.

144 1019 184 1088 Π
205 1016 285 1086 Gor.
308 1020 337 1098 4,
363 1017 398 1079 17
422 999 572 1099 (αἰαίνιον
591 1001 696 1100 βοίρος
717 1001 847 1098 δόξης);
880 1014 917 1080 Π
937 1013 1022 1079 Tim.
1044 1010 1251 1099 2,10(σο’ξα

146 1123 318 1218 αἷαίνιος);
350 1131 408 1196 ofr.
437 1130 531 1195 Rom.
554 1135 583 1212 8,
599 1135 648 1213 21,
676 1131 732 1196 ubi
758 1130 879 1196 directe
907 1130 970 1197 sibi
998 1132 1147 1219 opposita
1176 1142 1251 1200 sunt

147 1249 288 1321 δουλεία
314 1248 383 1334 τῆς,
401 1248 543 1335 φθορᾶς
572 1257 604 1314 et
634 1245 814 1334 ἐλευθερία
839 1249 897 1335 τῆς
926 1236 1045 1334 δόξης,
1086 1250 1140 1315 vel
1165 1238 1250 1332 ’δόξα

151 1369 249 1438 simul
266 1367 439 1434 coniuncta
460 1373 597 1453 apparet
617 1388 690 1429 oum
712 1365 784 1431 aliis
805 1366 971 1431 vocabulis
993 1367 1198 1455 splendorem
1218 1377 1252 1435 et

147 1483 427 1574 magnificentiam
453 1482 729 1570 exprimentibus,
764 1492 801 1548 ut
828 1483 923 1550 Rom.
945 1491 974 1568 2,
997 1488 1044 1552 7:
1067 1475 1168 1568 δόξαν
1195 1485 1251 1552 καὶ

146 1596 247 1691 τιμήν
269 1600 327 1668 καὶ
347 1591 562 1687 α’φδαρσίανς
593 1600 651 1665 cfr.
674 1621 705 1666 ν.
731 1606 798 1666 10:
820 1593 907 1681 δόξα
927 1626 955 1667 ν.
975 1595 1054 1691 τιμή
1074 1628 1102 1668 κ.
1124 1592 1253 1693 εἰρήνη,

147 1724 200 1789 ita
220 1722 256 1786 in
278 1719 477 1806 doxologiis,
500 1740 531 1784 v.
553 1741 580 1783 ο.
601 1717 620 1783 I
641 1717 725 1783 Tim.
745 1721 823 1800 1,17
845 1743 853 1785 :
873 1715 1000 1805 τιμηκ.
1024 1713 1125 1802 δόξας
1145 1722 1251 1810 Αροο.

149 1845 219 1925 4,9
241 1863 249 1905 ε
271 1826 357 1918 δόξα
388 1861 416 1901 κ.
445 1825 526 1923 star}
555 1859 582 1900 κ.
610 1825 823 1921 εδχαρισείατ
862 1836 940 1902 ibid.
968 1861 1001 1902 v.
1025 1843 1090 1903 ll:
1119 1828 1203 1921 δόξα
1224 1865 1252 1907 κ.

147 1950 233 2042 repr}
254 1979 282 2022 κ.
306 1943 458 2036 deirorum
493 1977 564 2042 cap.
585 1955 615 2036 5,
639 1959 676 2018 12
697 1977 705 2018 :
726 1951 839 2036 λαβεῖν
862 1948 918 2047 τὴν
938 1942 1074 2035 δύναμιν
1095 1979 1121 2020 κ.
1142 1956 1254 2022 πλοῦ-

148 2077 206 2143 τον
226 2099 255 2139 κ.
277 2048 399 2157 σοφίαν
417 2093 446 2136 κ.
469 2063 562 2151 ιὀχδν
582 2095 610 2137 κ.
631 2065 726 2156 τιμήν
745 2096 774 2136 κ.
796 2066 900 2153 δόξαν
919 2095 949 2140 κ.
971 2063 1129 2160 εὐλογίαν,
1149 2083 1182 2141 et
1202 2095 1251 2141 vs.

116 2226 121 2233 ·
151 2198 193 2258 13
216 2217 224 2258 :
246 2181 391 2274 εὐλογία,
412 2177 500 2276 σιμή,
523 2176 615 2268 δόξα,
636 2176 765 2275 κράτος.

237 2299 342 2394 Τιμην
369 2307 418 2372 bis
439 2307 474 2373 in
495 2306 678 2393 doxologiis
699 2307 898 2394 singularem
919 2307 1065 2375 obtinere
1085 2309 1251 2376 notionem

149 2426 269 2494 summi
291 2424 436 2507 honoris,
465 2445 529 2511 quo
550 2433 708 2511 perpetuo
730 2426 823 2491 Deus
844 2434 978 2492 ornetur
999 2435 1096 2513 atque
1118 2428 1251 2494 extolla-
1335 2444 1339 2448 “

152 2554 221 2626 tur,
241 2543 299 2608 vix
322 2550 371 2606 est
392 2562 451 2606 our
470 2562 667 2608 moneamus.
710 2541 834 2610 Contra
854 2543 949 2610 Rom.
967 2550 995 2627 2,
1012 2549 1029 2608 7
1053 2553 1085 2609 et
1105 2544 1252 2632 inprimis

146 2684 222 2729 vsu.
247 2667 294 2745 10,
323 2659 380 2725 ubi
407 2681 472 2725 una
500 2682 574 2724 oum
595 2646 678 2741 δόξα
698 2668 731 2726 et
752 2649 861 2748 εἰρήνη
883 2661 924 2728 ad
945 2662 1071 2728 obieeta
1092 2663 1161 2751 spei
1181 2685 1252 2749 per-

147 2780 242 2862 tinet,
263 2768 341 2864 ειμή
356 2777 517 2864 signifieat
531 2777 683 2858 bonorem,
707 2801 804 2865 quem
822 2779 951 2845 divinus
972 2781 1072 2846 iudex
1093 2781 1253 2848 sententia
1354 2832 1357 2839 .

148 2920 211 2964 sua
238 2897 361 2962 tribuet
395 2894 498 2960 cuivis
525 2895 579 2983 pie
595 2895 759 2982 'iusteque
791 2895 926 2961 viventi.
974 2897 1126 2963 Reourrit
1150 2898 1252 2986 igitur

147 3015 184 3080 h.
205 3015 227 3080 l.
257 3013 368 3101 aliquo
396 3011 492 3079 modo
521 3012 612 3100 prior
639 3011 696 3078 illa
722 3011 869 3078 doctrina
896 3010 936 3077 de
956 3012 1074 3079 iudicio
1095 3013 1252 3079 iustitiam

148 3131 296 3220 priorum
322 3154 361 3196 ao
387 3130 532 3197 fidelium
552 3128 695 3195 finaliter
716 3128 885 3194 evincente
907 3137 1035 3195 etanta
1057 3130 1166 3196 oculos
1190 3151 1253 3196 om-

148 3248 241 3315 nium
268 3249 445 3314 revelante.
490 3252 521 3312 T
521 3238 578 3332 ιμη
602 3269 676 3313 oum
697 3243 781 3328 δόξα
802 3246 973 3314 coniuncta
994 3245 1134 3312 occurrit
1154 3244 1253 3312 etiam

149 3365 279 3432 IPetr.
305 3370 332 3447 1,
352 3366 383 3429 7.

127 3529 132 3533 -
237 3480 361 3549 Similis
389 3480 485 3546 huius
513 3478 646 3545 honoris
667 3479 793 3545 aeterni
813 3489 863 3545 est
882 3481 1042 3569 intepretes
1062 3501 1252 3569 summaque

148 3623 278 3668 morum
298 3597 453 3687 probitas,
478 3620 543 3687 qua
564 3598 727 3686 praeditos
749 3596 897 3665 Christus
918 3598 1028 3665 fideles
1049 3620 1158 3666 coram
1177 3599 1251 3666 Deo

149 3727 185 3784 ot
198 3717 233 3783 in
248 3725 425 3804 conspeetu
448 3717 591 3783 omnium
612 3724 797 3781 sanatorum
818 3724 970 3802 exponet.
1012 3692 1252 3799 IThess.3,l3=

150 3827 202 3910 εἷς
230 3830 268 3900 td
291 3829 442 3922 στηρίξαι
463 3827 556 3916 ὑμῶν
574 3829 636 3908 τοὶς
657 3829 798 3920 καρδίας
818 3822 1013 3915 ripamaris
1034 3827 1067 3898 ἐν
1086 3824 1252 3919 οἱγιωσιίνη

152 3944 353 4039 ἔμπροσθεν
382 3951 442 4017 τοῦ
471 3950 561 4016 θεοῦ
581 3975 609 4016 κ.
629 3940 760 4038 πατρός
777 3944 868 4038 ἡμῶν
888 3947 921 4017 ἐν
940 3947 981 4037 τῇ
999 3945 1171 4036 παρουσίᾳ
1189 3948 1252 4014 τοῦ

150 4052 376 4157 καρίοοῆμῶν
395 4059 422 4135 ’1.
443 4074 509 4154 Χρ.
531 4065 618 4149 κτλ.,·
644 4069 721 4135 ibid.
744 4071 774 4152 6,
796 4074 835 4133 23
857 4092 866 4133 r
886 4066 942 4134 καί
963 4055 1140 4153 ὁλόκληρον
1160 4059 1253 4149 δμαῒν

150 4181 190 4254 οδ
215 4188 346 4270 πνεῦμα
380 4186 436 4252 καί
458 4180 477 4271 ἦ
497 4174 590 4276 ψυχή
610 4185 666 4252 καί
686 4178 723 4251 τό
744 4186 840 4268 σῶμα
861 4174 1044 4266 &papauer
1062 4182 1097 4248 ἐν
1116 4182 1157 4271 σῇ
1174 4170 1251 4249 iru-

151 4301 270 4392 ρονσίρ
295 4304 355 4374 τοῦ
373 4299 490 4392 κυρίου
510 4297 601 4389 ἡμῶν
621 4293 655 4371 'L
677 4309 742 4392 Χρ.
762 4299 940 4394 τηρηθείη,
967 4301 1024 4370 ubi
1045 4299 1141 4369 simul
1161 4322 1251 4370 εοεα-
