2782 4724
381 698 409 744 a.
432 697 475 744 ns
487 698 605 745 obsessa
616 698 676 753 snos
690 699 868 747 amintam

153 799 254 871 Salus
269 821 330 887 per
337 797 503 869 Christum
519 809 614 887 parta
634 809 667 867 et
686 801 892 869 manifestata
912 802 975 869 etsi
995 804 1061 875 iam
1081 827 1175 893 praa·

71 942 150 988 sens
171 918 216 987 sit
234 917 367 1000 bonum,
390 939 454 1004 quo
475 917 627 985 haesita
646 919 783 985 fruimur
804 919 933 1007 experti
953 921 1175 990 remissionem

69 1044 282 1126 peecatorum
302 1043 336 1101 et
356 1034 485 1102 beatam
498 1034 623 1122 gratiae
642 1035 772 1103 divinae
794 1036 989 1120 societatem,
1011 1037 1174 1105 interdum

69 1159 184 1223 tamen
207 1161 246 1219 ut
274 1150 308 1219 in
339 1160 485 1218 extremo
516 1151 646 1221 demum
671 1152 790 1218 iudicio
815 1153 1018 1241 expectanda
1045 1177 1176 1242 reprae-

73 1248 245 1340 sentatum
271 1269 334 1337 Est
360 1269 440 1335 haec
465 1274 605 1358 aspasius
632 1291 708 1357 pars
735 1269 806 1358 spei
828 1270 1019 1355 christiana,
1046 1295 1111 1361 qua
1132 1273 1174 1341 ob

74 1388 203 1456 tristem
226 1395 260 1452 et
287 1385 443 1453 afflictum
471 1386 650 1474 praesentis
680 1387 839 1473 temporis
861 1397 981 1455 statum
1009 1363 1175 1477 possessio

73 1506 232 1575 bonorum
259 1502 524 1591 evangelicorum
552 1503 787 1591 quodammodo
807 1513 974 1594 tamquam
1005 1505 1104 1574 dubia
1128 1528 1177 1573 re-

12 1598 36 1693 f
69 1629 301 1711 praesentatur
337 1629 371 1686 et
398 1621 540 1704 ineerta,
576 1620 622 1687 ita
652 1629 689 1685 ut
723 1629 868 1690 extremo
906 1622 1035 1691 demum
1067 1623 1175 1693 seculo

72 1739 266 1808 limitaret
287 1738 385 1826 plene
406 1736 500 1804 nobis
521 1736 736 1823 impertienda
756 1759 826 1805 asse
847 1739 1006 1817 videatur.
1020 1774 1062 1790 -
1083 1741 1176 1808 Haec

71 1867 124 1927 est
147 1850 267 1931 ἐλπὶς
287 1851 512 1942 σωτηρίας,
545 1875 628 1941 quae
654 1854 672 1920 I
695 1854 808 1921 Thess.
830 1856 895 1939 5,ss
917 1863 1053 1922 vocatur
1070 1858 1176 1944 palea,

71 1997 139 2065 qua
166 1974 316 2041 indutum
343 1995 415 2039 esse
441 1981 592 2060 oporteat
611 1972 747 2038 militem
766 1995 845 2040 vere
865 1973 1095 2060 christianum
1116 1975 1174 2043 cfr.

69 2093 158 2182 Eph.
181 2096 211 2177 6,
229 2095 288 2158 17:
309 2081 365 2177 τὴν
385 2085 651 2179 περικεφαλαίαν
662 2090 723 2155 τοῦ
737 2086 901 2178 σωτηρίου
921 2088 1080 2171 δέξασθε.
1121 2093 1175 2183 De

10 2290 12 2295 Ι
38 2208 41 2213 ’
70 2209 310 2298 significatione
331 2208 427 2275 huius
448 2208 570 2295 effigiei
589 2208 674 2275 bene
693 2208 735 2273 ad
753 2208 896 2295 priorem
916 2209 1024 2276 laeum
1044 2209 1175 2276 adnota-

69 2326 122 2393 vit
141 2325 318 2392 Koahius
340 2350 348 2390 ι
370 2324 453 2410 „Die
474 2324 646 2412 Hoffnung
666 2323 723 2391 des
742 2324 847 2410 Heils,
869 2325 970 2392 deren
991 2326 1049 2393 der
1063 2324 1175 2395 Christ

69 2441 259 2530 theilhaftig
272 2441 324 2526 ist,
345 2441 491 2530 gereieht
511 2442 586 2525 ihm,
607 2443 729 2509 seinem
743 2442 948 2509 Bewustsein
968 2441 1173 2531 angeeignet

69 2583 147 2627 auru
162 2558 304 2627 Sehutze
325 2581 433 2648 gagen
455 2559 508 2626 die
529 2560 589 2625 auf
606 2560 676 2626 sein
698 2560 818 2647 ewiges
835 2560 951 2629 Leben
969 2535 1172 2649 geriehte'ten

68 2678 222 2764 Angriffe
249 2677 305 2742 das
327 2677 454 2760 Btsen,
482 2677 601 2744 ebenso
628 2678 690 2742 wie
717 2677 774 2743 der
795 2677 915 2762 Helm,
942 2678 1082 2744 welcher
1108 2678 1172 2747 den

69 2795 214 2883 Krieger
234 2815 295 2860 vor
316 2793 379 2860 den
399 2794 575 2860 tddtenden
589 2794 820 2883 Kopfwunden
841 2795 1000 2863 sehtttzt.“
1014 2831 1055 2843 -
1076 2787 1189 2863 Pata

67 2910 174 3000 igitur
198 2911 330 2977 tertium
358 2909 608 2999 comparationis
637 2910 703 2994 hie,
733 2910 826 2977 utin
848 2910 1052 2983 antecedenti
1074 2911 1171 2980 simili

69 3019 237 3115 „dadanus
263 3023 408 3106 πίστεως
432 3026 488 3092 καὶ
510 3015 658 3112 αἰγαπης“
687 3049 758 3092 esse
778 3029 976 3115 praesidium
997 3038 1030 3095 et
1050 3028 1170 3095 incolu-

68 3147 216 3213 mitatem
234 3146 422 3230 militantis,
443 3168 509 3212 non
530 3156 680 3211 ornatum
700 3146 815 3233 capitis
826 3168 835 3224 ;
857 3146 1048 3232 praesertim
1070 3167 1170 3233 quum

67 3264 194 3331 inleso
216 3263 388 3349 Jesaiano,
416 3263 472 3353 qui
492 3272 602 3330 nostre
625 3264 757 3330 subesse
778 3263 908 3330 videtur
929 3262 1014 3348 (Jes.
1037 3261 1168 3349 59,17),

68 3385 174 3476 upari
189 3384 269 3465 min
297 3379 378 3446 nihil
399 3380 504 3464 aliud,
532 3403 628 3470 quam
649 3381 777 3448 firmum
798 3378 996 3466 praesidium
1017 3386 1051 3445 et
1069 3379 1170 3446 vieto·

66 3497 137 3564 riae
160 3498 364 3564 securitatem
391 3471 560 3586 significet.¹
611 3496 677 3577 Sed
702 3497 940 3564 observandum
961 3496 1059 3563 etiam
1077 3506 1168 3585 puto,

66 3637 134 3682 non
156 3617 225 3682 sine
246 3639 343 3682 eausa
365 3615 490 3683 duobus
514 3615 593 3682 loeis
618 3616 799 3702 apostolum
820 3613 957 3680 salutem
978 3615 1038 3682 sub
1060 3615 1170 3704 effigie

67 3728 347 3820 περικεφαλαίας,
368 3733 390 3799 i.
412 3755 441 3798 e.
462 3730 616 3820 praesidii
637 3731 761 3819 capitis,
782 3732 1002 3800 nobilissimae
1023 3731 1185 3828 eorporis

68 3849 182 3937 partis,
202 3859 456 3943 repraesentare.
499 3849 639 3916 Videtur
658 3849 833 3937 indigitare
853 3851 948 3932 velle,
971 3874 1042 3917 eam
1059 3849 1166 3915 animo

70 3989 129 4034 suo
161 3966 328 4032 obversari
360 3967 497 4033 salutem
529 3990 554 4034 s.
588 3989 679 4055 spem
711 3965 844 4050 salutis,
878 3988 942 4056 qua
972 3966 1102 4032 ultimos
1134 3975 1166 4033 et

68 4082 358 4171 periculosissimos
387 4082 530 4152 Satanae
557 4083 697 4170 impetus
729 4083 872 4170 effugere
900 4083 1092 4165 debeamus,
1118 4104 1167 4148 re

68 4199 220 4288 pentinos
241 4201 314 4268 illos
336 4210 369 4266 et
389 4202 543 4290 capitales
564 4202 712 4267 incursus
735 4199 869 4282 diaboli,
891 4199 1008 4286 quibus
1030 4199 1166 4265 salutem

68 4315 135 4384 iam
161 4326 250 4385 asmo
277 4327 404 4406 partam
432 4328 465 4385 et
490 4317 681 4406 perfectioni
700 4317 918 4405 propinquam
938 4316 1049 4456 electis
1070 4316 1168 4384 inter·

283 4454 290 4467 ·
916 4423 937 4482 4
