2782 4724
580 325 643 390 ⁴77

526 415 725 425 Ἠ

80 538 120 601 14
142 558 149 599 :
170 529 268 620 μέχρι
289 529 401 607 τέλους
420 527 560 614 βεβαίαν
582 531 616 617 ¹),
638 539 670 595 et
690 540 789 619 caput
811 538 839 615 6,
859 536 894 598 ll
919 557 927 598 ε
948 529 1178 616 ἐπιθυμοῦμεν

78 651 117 717 δὲ
145 645 258 714 έκατον
287 641 378 728 ὑμῶν
397 644 454 736 τήν
480 625 579 738 αὐτὴν
606 645 834 745 ἐνδείκνυσθαι
856 628 999 736 σπουδήν
1018 641 1105 736 προς
1123 641 1179 736 τήν

77 762 314 853 πληροφορίαν
346 764 403 848 τῆς
429 761 568 856 ἐλπίδος
601 755 679 851 ίίχρι
705 761 830 842 τέλους.
878 765 940 848 lbi,
969 775 1008 840 ¹ut
1035 765 1176 832 Bleek.

78 894 167 950 recte
191 882 366 965 adnotavit,
389 883 582 948 vocabulum
603 880 816 970 πληροφορία
837 892 964 970 spectat
984 882 1026 948 ad
1046 884 1179 970 plenum

80 1010 178 1088 atque
200 1000 380 1086 perfectum
400 1000 520 1065 cultum
548 1000 614 1084 (die
633 1001 719 1066 volle
739 979 961 1087 Ausbildung)
991 1000 1080 1087 spei,
1107 1023 1173 1067 non

80 1117 121 1184 ad
146 1118 270 1182 firmam
296 1117 399 1182 solum
420 1117 662 1204 persuasionem
684 1117 842 1183 derebus
865 1117 1004 1206 speratis
1027 1117 1076 1202 ²);
1097 1108 1178 1205 ἄχρι

78 1232 192 1308 τέλους
220 1256 297 1298 vero
332 1232 462 1298 finalem
493 1233 712 1320 expletionem
733 1233 817 1321 spei,
846 1255 864 1298 e
883 1233 993 1299 divina
1012 1234 1119 1329 gratia
1139 1256 1177 1299 oc

79 1350 307 1418 benevolentia
338 1350 550 1438 pendentem,
583 1350 715 1437 respicit
733 1349 771 1436 ³).
819 1348 1041 1423 Constantiam
1069 1359 1177 1444 tamen

79 1442 112 1534 et
139 1468 417 1555 perseverantiam
441 1467 502 1538 hoo
528 1484 659 1555 quoque
685 1469 756 1533 loeo
779 1467 993 1555 principalem
1031 1488 1101 1533 esso
1123 1490 1177 1532 no·

78 1586 217 1667 tionem,
244 1585 385 1651 ostendit
414 1604 553 1672 sequeus
575 1607 689 1678 versus
711 1608 718 1649 :
739 1578 793 1656 ἵνα
812 1580 857 1669 μῆ
879 1559 1009 1672 νανθροί
1028 1580 1177 1670 γέννγοθο,

77 1699 216 1788 μιμνγταί
235 1700 288 1771 ,δὲ
312 1701 377 1766 τῶν
404 1697 464 1768 διαί
496 1698 641 1776 πίστεως
674 1699 730 1766 καί
756 1698 990 1799 μακροθυμίας
1017 1699 1178 1789 κ’ληρονοψ

76 1809 225 1898 μοίννων
253 1814 315 1893 ταῖς
347 1814 553 1902 ἐπαγγελίας.
573 1852 616 1866 -
636 1817 689 1883 Ad
721 1840 851 1883 sonsum
871 1817 1021 1882 vocabuli
1041 1817 1179 1893 τελείως

78 1936 308 2001 conferendum
338 1936 435 2001 otiam
466 1944 515 2000 est
542 1935 625 2001 Phil.
648 1936 750 2018 3,15,
779 1934 835 2000 ubi
860 1929 980 1999 τέλειοι
1010 1944 1177 2019 vocantur,
1256 1977 1261 1982 -

78 2052 135 2138 qui
156 2052 283 2145 assidue
306 2061 338 2118 ot
353 2060 510 2139 perpetuo
533 2060 698 2116 sectantur
717 2060 837 2117 metam
858 2050 954 2116 stadii
966 2050 1176 2139 *palmamque

77 2192 98 2234 a
126 2168 198 2235 Deo
227 2149 288 2234 sibi
320 2155 533 2251 destinatam3
565 2177 597 2232 et
622 2167 696 2235 Jac.
726 2171 753 2249 1,
771 2166 826 2233 4':
856 2160 875 2251 ἦ
906 2155 1057 2252 ὑπομονή,
1082 2162 1178 2259 έργον
1295 2170 1312 2195 ’

76 2281 201 2350 τέλειον
221 2282 332 2368 ἐχέτω,
353 2279 407 2350 ἵνα
426 2272 482 2373 ἦτε
501 2280 624 2352 τέλειοι
645 2281 703 2349 καὶ
724 2275 902 2372 ὁλόκληροι
922 2284 955 2352 ἐν
974 2284 1089 2372 μηδενί
1110 2283 1177 2351 λεν.

77 2394 230 2482 πόμενοι.
273 2403 364 2468 Talis
386 2425 460 2491 spes
481 2402 627 2489 perfecta
633 2451 643 2485 ,
666 2425 749 2491 quae
770 2401 931 2481 indefesso
953 2393 1059 2469 studio
1080 2404 1178 2471 finem

78 2497 173 2583 suum
203 2528 360 2602 sectatur,
388 2540 454 2584 non
481 2518 566 2583 fallit
593 2542 653 2584 nec
682 2519 876 2606 pudefacit:
899 2508 939 2583 ου’
969 2508 1177 2601 καταισχύνει

77 2633 174 2700 Rom.
201 2637 230 2718 5,
248 2639 285 2706 53
314 2635 372 2700 cfr.
398 2633 482 2699 Phil.
508 2639 534 2717 1,
558 2640 618 2718 203
648 2644 680 2700 et
707 2658 778 2700 eam
811 2635 942 2723 quidem
970 2636 1011 2704 ob
1036 2660 1177 2724 oausam,

79 2752 167 2838 quod
189 2774 279 2818 amor
298 2751 372 2845 Dei,
394 2751 415 2815 i.
438 2773 466 2815 e.
478 2760 591 2834 amor,
614 2773 711 2839 quem
731 2752 823 2817 Deus
845 2729 924 2838 erga
941 2774 1001 2817 nos
1022 2753 1122 2821 habet
1138 2753 1176 2841 ⁴),
1221 2778 1222 2782 ¹

79 2869 200 2934 effusus
223 2878 271 2933 est
288 2868 322 2932 in
344 2867 493 2933 cordibus
514 2867 644 2933 nostris.
681 2868 745 2933 Hie
767 2868 853 2934 enim
875 2892 964 2935 amor
986 2880 1056 2954 „est
1077 2881 1177 2937 aeter·

77 2987 160 3050 nus“
188 2986 249 3072 (ita
276 2985 353 3072 Bgl.
386 2983 427 3050 ad
454 2962 548 3051 Rom.
571 2987 600 3068 5,
617 2984 650 3067 5)
677 2983 835 3072 simulque
857 2985 1049 3072 immensus,
1074 2986 1120 3052 ita
1139 2995 1177 3054 ut

150 3369 173 3436 ¹)
192 3367 244 3421 Nisi
267 3372 352 3437 priore
373 3369 462 3422 horum
489 3373 602 3424 locorum
624 3359 731 3426 vocabi.
764 3378 845 3452 μέχρι
868 3376 922 3428 att.
945 3373 1012 3452 βεβ.
1041 3372 1178 3431 reiiciendn
1265 3440 1269 3446 ¹

79 3473 138 3516 suut
161 3463 296 3516 secuudum
319 3465 492 3517 auctoritatem
506 3465 572 3518 cod.
598 3467 626 3522 Ba
651 3463 722 3521 seii.
746 3467 803 3536 Syr.
829 3466 908 3520 Lucii.
934 3464 1036 3522 cataro.
1061 3465 1176 3524 Ambros.

81 3573 137 3609 cum
155 3555 253 3610 boehm.
272 3557 380 3613 Tiscbdl.
396 3558 442 3611 all.
474 3582 476 3586 ³
1036 3567 1038 3571 ’

150 3675 172 3744 ¹)
188 3674 309 3730 Diversae
337 3678 403 3730 onim
435 3677 624 3747 significationis
654 3690 693 3733 ost
719 3679 813 3753 locutio
840 3695 846 3731 ε
873 3683 1038 3758 πλρροφορία
1066 3687 1177 3753 aluums

81 3781 136 3835 cup.
155 3766 196 3832 10,
215 3771 257 3823 22.
303 3798 330 3846 p·
352 3817 354 3820 ,

152 3885 173 3952 ⁸)
191 3884 243 3937 Cir.
262 3886 346 3941 blattis.
365 3886 405 3952 10,
424 3887 458 3939 22
475 3907 485 3941 .·
505 3873 519 3945 ii
544 3890 573 3946 dt
599 3882 737 3964 ὑπομείνας
757 3897 792 3959 είς
815 3896 890 3961 τέλος
912 3879 990 3962 οὗτος
1012 3887 1176 3970 &odiosum

81 3995 104 4031 e.
121 3977 165 4043 24,
184 3976 232 4043 133
249 3981 325 4035 Marc.
348 3981 388 4045 13,
411 3981 450 4034 13.

75 4124 78 4130 ·
152 4090 173 4165 ⁴')
190 4095 227 4150 lta
249 4101 314 4152 euim
332 4100 485 4168 interpretor
509 4102 587 4155 verba
609 4093 636 4178 ἦ
647 4095 737 4180 α’γᾶπρ
753 4100 889 4161 τοέθαοῦ
912 4116 968 4156 cum
985 4105 1079 4157 melote
1096 4105 1177 4158 iuter·

76 4184 305 4259 pretum'numero,
323 4207 397 4246 secus
415 4204 445 4248 ‘oc
461 4196 555 4248 Helm.
572 4195 589 4247 l.
600 4210 622 4248 ο.
642 4193 667 4259 λγ
683 4196 707 4265 p.
724 4195 784 4262 475,
802 4200 844 4268 qui
858 4196 894 4250 ‘ds
912 4209 999 4251 amore
1012 4207 1098 4253 nostro
1115 4206 1176 4270 erpa

84 4283 162 4336 Deum
180 4286 296 4355 intelligit
313 4288 471 4342 locutionem.
1130 4308 1133 4313 ’
