2782 4724
679 303 719 372 δδ

234 509 358 583 Similis
378 510 475 578 huius
495 510 558 578 loci
580 519 631 578 est
658 509 735 579 Gal.
756 512 786 595 5,
807 512 826 578 5
847 535 856 579 ε
876 504 971 600 η’μιῖς
996 503 1061 600 reio
1088 503 1250 595 ιινιδματι

146 631 186 702 ἐκ
212 627 359 703 πίστεως
376 617 499 694 ἐλπίδα
535 615 808 716 δικαιοσύνης
841 618 1119 717 διιοκδεχδμιθας
1151 654 1249 721 quam

147 747 345 818 locutionem
369 735 493 812 ἐλπίδα
514 742 722 836 δικαιοσύνης
742 745 903 814 obiective
924 769 995 814 esse
1017 748 1249 844 accipiendam,
1299 746 1303 752 ’

147 867 196 934 ita
215 874 253 931 ut
274 859 467 930 vertendum
490 865 552 931 sit:
571 865 723 930 διοδδίίοικ
736 876 900 951 speratum,
921 864 986 932 iam
1000 887 1099 953 supra
1113 888 1184 954 cap.
1195 868 1249 936 111

148 956 385 1072 exposuimus..
416 980 492 1063 Qua
518 981 786 1070 interpretatione
813 991 946 1071 accepta
974 982 1037 1048 iam
1058 982 1180 1051 reiecta
1199 992 1250 1051 est

147 1122 287 1169 erronea
316 1098 453 1165 aliorum
480 1089 888 1187 quorundam'sententia,
920 1099 977 1188 qui
1004 1099 1249 1168 fundamentum
1288 1158 1289 1163 ,

147 1221 221 1309 spei
251 1219 283 1284 h.
305 1219 327 1283 l.
360 1216 505 1303 genitivo
537 1201 753 1302 δικαιοδότης
783 1214 919 1282 indicari
951 1216 1073 1305 opinati
1108 1225 1185 1282 sunt
1210 1215 1247 1302 ¹).

148 1336 198 1404 Et
212 1357 283 1424 spes
298 1332 429 1422 quidem
444 1333 500 1399 illa
514 1333 656 1400 iustitiae
670 1331 893 1420 impetrandae
907 1333 949 1400 ad
969 1335 1058 1423 ipsos
1078 1332 1248 1400 referenda

149 1463 201 1531 est
213 1452 423 1535 Christianos,
446 1473 512 1517 non
528 1450 569 1526 ad
582 1459 692 1538 patres
713 1450 835 1516 veteris
855 1449 1005 1536 foederis,
1027 1459 1064 1518 n't
1083 1431 1247 1519 nonnullis

108 1610 127 1626 ..
144 1571 255 1638 visum
282 1576 332 1635 est
362 1568 408 1653 (v.
431 1567 519 1656 apud
542 1567 662 1634 Wolf.
689 1566 731 1633 ad
752 1567 783 1641 h,
805 1566 853 1653 l.).
895 1569 982 1636 Nam
1009 1568 1082 1658 ipsa
1116 1589 1247 1656 qnoque

145 1687 276 1755 iustitia
297 1707 404 1752 coram
425 1685 497 1751 Deo
520 1683 738 1770 indigebimus
760 1683 815 1748 illo
837 1686 889 1752 die
911 1695 1072 1768 extremo,
1104 1683 1183 1750 licet
1212 1683 1267 1750 in.

149 1803 365 1870 conversione
388 1801 510 1870 Christi
536 1800 659 1867 iustitia
690 1799 784 1867 nobis
813 1802 971 1890 imputata
997 1802 1068 1867 sit:
1091 1801 1248 1868 estenim

144 1922 228 1987 haec
257 1943 368 1986 reeens
396 1928 508 1985 nostra
532 1919 657 1985 institia
687 1918 837 1985 inchoata
862 1928 988 1985 tantum
1014 1927 1048 1985 et
1073 1915 1247 1984 admodum

144 2062 261 2105 manca
276 2048 375 2126 atqua
388 2035 597 2125 imperfecta3
620 2059 719 2125 quare
740 2037 775 2102 in
795 2035 928 2125 perusia
947 2035 1077 2103 demum
1098 2035 1247 2102 omuibus
1293 2081 1299 2102 .

144 2155 290 2222 numeris
311 2153 508 2242 perficienda
529 2161 570 2236 et,
592 2154 687 2242 quasi
707 2153 813 2220 denuo
834 2153 927 2220 nobis
942 2153 1089 2238 donetur,
1109 2152 1247 2219 redinte-

145 2273 274 2362 granda
301 2280 358 2338 est.
406 2271 504 2336 Hunc
533 2293 604 2338 esse
633 2293 763 2338 sensum
794 2270 890 2337 huius
920 2292 1035 2335 versus
1070 2277 1168 2360 atque
1200 2269 1247 2339 ita

143 2390 318 2457 cohaerere
340 2411 415 2460 eum
436 2411 510 2454 cum
531 2389 795 2457 antecedentibus
816 2397 905 2455 reete
927 2387 1139 2455 ostenderunt
1159 2386 1246 2473 Uet,

142 2509 199 2575 De
212 2507 287 2592 W„
308 2504 405 2595 May(
419 2506 461 2574 ad
480 2505 512 2572 h.
533 2507 555 2572 l.
572 2506 612 2591 2).
653 2504 808 2594 Inprimis
829 2506 947 2575 DeW.
969 2515 1057 2573 recte
1071 2504 1166 2572 docet
1178 2527 1246 2572 non

143 2648 293 2714 pugnare
317 2624 400 2690 hanc
430 2623 622 2690 sententiam
653 2622 694 2690 de
722 2621 846 2690 iustitia
872 2623 1057 2690 etiamnunc
1084 2621 1246 2710 speranda

143 2765 219 2809 cnm
247 2742 342 2808 Rom.
364 2741 393 2824 5,
419 2746 433 2806 l
464 2763 558 2828 squu.
580 2740 716 2830 aliisque
737 2739 819 2806 loeis
838 2739 1000 2824 Paulinis,
1029 2740 1086 2807 nbi
1107 2738 1245 2806 δικαιο-

142 2851 225 2946 σύκη
248 2854 285 2926 ἐκ
310 2855 456 2933 πίστεως
482 2880 582 2923 cansa
609 2856 790 2946 adpelletur
816 2848 1087 2926 reconciliationis
1112 2869 1244 2928 nostrae

142 2999 219 3042 cum
245 2976 318 3042 Deo
345 2985 378 3042 et
399 2975 468 3063 spei
493 2974 617 3062 gloriae
636 2985 797 3043 aeternae.
839 2972 932 3043 Idem
953 2975 1040 3042 enim
1059 2966 1244 3066 iam'supra

142 3093 440 3178 animadvertimus,
462 3115 560 3159 unam
583 3102 682 3182 atque
704 3092 839 3160 eandem
852 3113 922 3159 rem
936 3090 1031 3159 simul
1046 3092 1243 3182 principium

143 3220 178 3278 et
198 3211 295 3277 finem
317 3210 387 3298 spei
409 3233 481 3277 esse
502 3232 614 3300 posse,
648 3219 685 3277 nt
711 3208 820 3299 ipsum
839 3211 961 3295 Deum,
991 3209 1045 3276 vel
1067 3207 1242 3294 Christum,

144 3328 202 3418 qui
231 3327 362 3394 omnino
390 3349 499 3394 rerum
528 3327 670 3394 omnium
698 3349 842 3395 summus
870 3336 968 3417 atque
995 3326 1163 3393 absolutus
1192 3334 1243 3394 est

143 3453 257 3512 auctor
287 3453 321 3511 et
345 3420 526 3530 confector,
561 3437 599 3512 td
629 3434 723 3532 α’λφα
750 3443 806 3513 καὶ
833 3438 873 3510 ιδ
900 3430 1053 3533 ὦΑροο.
1076 3447 1159 3530 1‚a;
1186 3443 1241 3510 vel
1312 3430 1320 3439 ’

143 3564 241 3630 etiam
262 3562 402 3650 gratiam
423 3560 602 3639 divinam-I
623 3561 711 3629 Patr.
736 3567 830 3646 1,13.
937 3568 940 3574 “

104 3919 108 3926 ¹
215 3948 234 4014 ¹)
253 3949 294 4001 Sic
312 3948 406 4018 Beng.
423 3946 500 4016 (spes,
519 3958 592 4018 quam
605 3947 833 4018 iustitiepreebet),
852 3945 955 4012 Stare,
974 3944 1070 4034 Flete,
1089 3947 1182 4015 Borg.
1200 3945 1238 4009 (id

142 4042 210 4114 quod
227 4052 431 4124 sperarepoteet
448 4035 463 4097 δ
483 4042 607 4112 δίκαιος),
634 4041 716 4095 Bere
734 4042 839 4109 (corona
855 4042 952 4111 gloriae
970 4058 990 4094 s.
1008 4039 1148 4105 hereditas,
1172 4054 1240 4111 ques

142 4136 289 4190 iustificatos
306 4135 420 4205 maneos
437 4135 548 4190 similiter
565 4134 776 4200 theodoret,
794 4133 875 4189 θοοὶ.
895 4130 1007 4187 Calor.
1024 4133 1066 4187 all.

212 4281 234 4347 ¹)
251 4275 304 4332 Gir.
323 4277 452 4346 uonna,
470 4276 559 4335 dasch.
577 4278 622 4335 der
639 4275 751 4349 Pflenrg.
768 4287 818 4332 eto.
837 4276 899 4330 edit.
916 4273 962 4343 lv,
982 4291 1006 4346 p.
1023 4273 1083 4342 ⁷52,
1101 4284 1153 4330 not.
1172 4275 1196 4332 1.
