2782 4724
685 326 725 392 63

612 414 812 429 ψ

145 524 208 620 ρία
236 519 371 609 αἰώνιος
398 531 573 599 secundum
592 533 662 601 Jes.
685 536 735 616 45,
754 533 789 598 17
812 556 819 597 :
842 519 958 618 mitt
975 534 1124 631 κονίῃς
1142 541 1175 621 -9,
1191 541 1251 613 29;

144 654 221 724 Jac.
247 659 276 735 4,
295 656 333 716 12
357 650 427 735 (uhi
442 637 550 715 σώσαι
565 650 749 738 oppositum
764 659 813 715 est
831 649 881 733 τῷ
902 639 1102 737 οἷπολέσαι);
1122 654 1140 719 Ι
1161 651 1249 719 Petr.

149 775 178 855 1,
201 768 220 835 5
260 765 423 855 (σωτηρία
453 764 566 854 ἑτοίμη
591 764 875 856 ἀποκαλυφθῆναι
900 766 933 834 ἐν
956 767 1062 856 καίρῳ
1091 759 1254 855 ε’σχοὶτῳ);

145 886 227 953 ibid.
266 909 299 951 v.
334 889 354 949 9
389 880 618 968 (κομιζόμενοι
651 880 808 960 τὸτέλος
835 885 893 973 τῆς
920 882 1066 962 πίστεως
1093 887 1255 973 σωτηρίαν

145 1001 268 1096 ψυχῶν
294 1000 341 1087 (v.
367 1007 426 1079 1o;
454 1022 535 1088 cap.·
553 1007 582 1084 2,
603 1007 640 1079 2;
662 1007 691 1084 3,
707 1007 744 1066 21
770 1011 802 1068 et
820 1009 849 1086 4,
870 1009 905 1068 rs
934 997 970 1086 (ὁ
999 1001 1129 1080 δίκαιος
1156 992 1256 1086 μόλις

128 1110 324 1204 ὀωλζετοι).
349 1157 382 1167 -
406 1119 516 1184 Minus
547 1128 653 1184 arctus
683 1119 878 1208 strictusque
901 1143 1015 1185 sensus
1036 1121 1165 1186 videtur
1185 1123 1256 1188 suh·
1368 1186 1379 1191 -

99 1274 101 1320 t
148 1262 226 1307 esse
258 1238 415 1303 vocabulo
444 1233 590 1322 σωτηρία
618 1235 652 1300 in
674 1234 855 1323 doxologiis
878 1235 1081 1324 apocalypsis
1103 1262 1115 1320 :¹
1132 1261 1202 1324 cap.
1227 1242 1254 1320 7,

152 1361 213 1431 103
239 1359 358 1438 12,10;
384 1358 430 1435 19,
449 1358 486 1436 l;
514 1353 560 1418 ibi
583 1352 675 1423 ¹enim
706 1348 852 1437 σωτηρία
879 1361 971 1417 notat
992 1346 1124 1418 ἔπαινον
1144 1373 1255 1441 σωτη-

145 1468 248 1559 ρίας,
275 1471 404 1537 laudem
437 1470 550 1536 salutis
572 1493 592 1536 a
612 1469 684 1534 Deo
706 1469 801 1535 nobis
821 1469 980 1553 donatae3
1001 1468 1084 1535 hanc
1106 1493 1184 1536 vero
1208 1495 1253 1538 sa-

144 1591 252 1655 lutem
265 1587 396 1654 minime
413 1588 453 1653 ad
469 1588 569 1652 solam
585 1585 784 1673 ereptionem
800 1607 841 1650 ex
857 1586 1010 1654 extremis
1026 1587 1254 1653 afflictionibus

145 1703 353 1784 referendam
381 1728 452 1771 esse
480 1713 559 1792 puto
578 1701 615 1789 ¹).
650 1700 705 1769 Sic
727 1701 824 1767 etiam
847 1703 880 1766 in
902 1704 1072 1789 evangelio
1093 1705 1254 1772 Johannis

147 1819 300 1912 σωτηρία
329 1844 456 1909 semper
481 1821 630 1887 latiorem
661 1820 752 1885 illum
784 1806 913 1885 sensum
943 1819 1083 1904 obtinet,
1119 1844 1183 1908 quo
1213 1824 1255 1890 ad

145 1963 233 2028 opus
256 1939 395 2004 salutare
418 1937 542 2005 Christi
563 1937 627 2002 iam
648 1936 828 2023 perfectum
853 1937 906 2002 vel
929 1935 1114 2002 etiamnunc
1135 1939 1252 2005 efficax

144 2057 288 2122 refertur
317 2054 407 2142 (Joh.
436 2060 466 2138 3,
485 2055 544 2138 175
565 2056 594 2137 5,
609 2058 650 2117 34
660 2078 670 2131 ;
695 2058 795 2137 10‚9;
820 2060 867 2137 12,
882 2052 959 2139 47),
981 2053 1015 2120 id
1037 2054 1124 2142 quod
1145 2079 1254 2122 neces·

99 2182 111 2237 ,Ι
143 2173 232 2239 sario
255 2172 404 2259 sequitur
424 2193 465 2237 ex
486 2170 640 2235 universa
655 2169 801 2234 doctrina
820 2171 1018 2258 pneumatici
1039 2172 1134 2238 huius
1156 2195 1252 2239 evan-

146 2291 237 2379 gelii,
260 2290 436 2355 secundum
458 2311 555 2376 quam
576 2286 754 2377 temporale
776 2287 838 2353 hoc
860 2289 1003 2354 seculum
1024 2313 1089 2356 uno
1111 2290 1251 2379 quodam

146 2416 181 2473 et
203 2407 356 2473 continuo
378 2429 475 2472 cursu
497 2407 531 2472 in
552 2407 776 2473 aeternitatem
797 2407 923 2472 transit.

144 2626 147 2631 ¹
233 2549 306 2616 Hac
334 2549 437 2638 igitur
466 2550 592 2616 ratione
618 2551 770 2617 IThess.
801 2553 871 2634 5‚8
903 2551 1147 2638 intelligendam
1178 2574 1250 2618 esse

144 2666 343 2733 locutionem
363 2661 383 2756 ἦ
402 2664 499 2743 ἐλπίς
518 2667 577 2752 τῆς
599 2665 773 2753 σωτηρίας,
795 2667 937 2733 ostendit
960 2670 1059 2735 etiam
1081 2691 1169 2734 rsus.
1189 2678 1250 2734 sta-

143 2784 217 2850 tim
237 2807 394 2872 sequens‚
426 2784 483 2850 ubi
514 2807 613 2849 causa
641 2784 800 2866 adfertur,
835 2785 876 2851 ob
906 2806 1003 2872 quam
1033 2808 1107 2873 spes
1136 2785 1249 2852 salutis

145 2912 315 2990 tamquam
335 2903 430 2990 galea
451 2901 615 2966 induenda
635 2899 677 2965 sit
698 2925 706 2965 z
729 2889 798 2986 ,ὅτι
819 2889 878 2964 οὐκ
900 2895 1000 2968 ἔθετο
1020 2899 1106 2990 ἡμᾶς
1126 2897 1146 2968 ὁ
1165 2891 1250 2980 dedo

143 3013 196 3094 εἷς
224 3009 336 3106 ὀργήν,
368 3008 457 3083 οἷλλολ
485 3013 536 3094 εἰς
556 3015 773 3104 περιποίησιν
793 3014 959 3105 σωτηρίας
979 3015 1036 3084 διὰ
1057 3019 1116 3086 τοῦ
1136 3016 1250 3106 κυρίου
1277 2992 1279 3002 ¹
1327 2991 1333 3008 λ

142 3129 235 3220 ἡμῶν
252 3134 286 3200 Ἰ.
302 3118 443 3218 Χρ.“λ-
462 3135 555 3204 Sicut
577 3136 654 3202 alibi
675 3137 871 3203 contrarium
892 3133 1056 3224 σωτηρίας
1077 3147 1126 3203 est
1147 3127 1202 3201 οἷττ
1210 3125 1250 3201 ω’-

144 3252 239 3318 λεια
255 3254 293 3337 7),
321 3252 367 3319 ita
386 3253 418 3318 h.
439 3253 460 3319 l.
481 3252 629 3319 similiter
651 3276 689 3318 ac
709 3253 803 3320 Rom.
826 3256 855 3338 6,
878 3259 906 3319 9.
934 3260 971 3319 10
992 3255 1078 3321 salus
1100 3254 1250 3342 opposita
1307 3301 1314 3307 -

145 3379 197 3436 cst
227 3367 296 3437 irae
324 3370 468 3454 divinae,
501 3359 582 3458 ὀργῇ
611 3359 777 3461 μελλούσῃ
805 3372 872 3438 scil.
901 3371 1031 3456 (Matth.
1054 3377 1084 3456 3,
1108 3370 1159 3457 7),
1194 3373 1249 3439 vel
1295 3456 1299 3463 .

143 3468 303 3576 ἐρχοίλίνη
325 3487 357 3574 (Ι
377 3488 492 3555 Thess
514 3487 623 3575 1‚10),
646 3512 711 3556 non
734 3491 774 3570 ei,
797 3507 880 3577 quae
902 3512 988 3556 nunc
1008 3489 1073 3554 iam
1093 3488 1134 3556 de
1158 3490 1247 3557 coelo

142 3605 373 3671 manifestatur
394 3605 502 3690 (Rom.
529 3605 561 3690 1,
581 3606 642 3690 18).
689 3604 785 3672 Salus
807 3628 885 3673 vero
907 3606 976 3689 ilia,
1000 3629 1097 3696 quam
1116 3629 1246 3696 sperare

143 3722 312 3806 debemus,
340 3724 506 3812 aliquanto
529 3725 670 3790 strictius
692 3734 803 3791 nostro
826 3748 897 3791 vsu.
921 3725 1022 3811 (nono
1045 3725 1128 3810 scil.)
1153 3749 1246 3792 voca·

218 4084 237 4150 ¹)
254 4082 334 4136 Aliter
352 4084 414 4141 nor
430 4083 493 4147 ard.
510 4093 641 4137 comment
659 4086 684 4136 iu
704 4085 808 4154 Apocal.
829 4101 887 4155 pag.
905 4085 964 4138 267.

214 4204 234 4270 ¹)
251 4219 277 4254 v.
296 4221 318 4255 e.
336 4203 394 4257 huc.
411 4201 436 4267 9,
449 4200 496 4267 563
515 4201 556 4267 19,
568 4201 614 4266 1οῑ
633 4202 643 4254 1
662 4202 721 4256 Gor.
741 4202 764 4268 1,
779 4192 833 4266 18;Ι
847 4203 871 4254 11
890 4202 947 4257 Gor‘.
966 4205 992 4267 2,
1006 4202 1053 4266 153
1071 4202 1134 4255 Phil.
1153 4203 1177 4272 1,
1193 4202 1242 4267 283

141 4294 196 4348 Jec.
215 4295 241 4359 4,
261 4293 301 4349 12.
