2782 4724
631 385 651 450 d

91 593 339 661 translationem
368 592 483 659 attinet
503 614 610 680 graec.
633 590 874 676 ἔας-δέχεσθαι,
905 589 1190 682 προσ-δέχεσθαι,

93 701 398 792 daea-dixemus,
426 710 498 793 all,
528 709 569 776 de
590 710 707 798 quibus
727 733 759 776 v.
782 709 1005 798 appendicem.
1032 749 1065 759 -
1090 709 1188 778 Certo

94 837 200 894 autem
228 826 292 892 huc
321 825 468 892 conferre
493 826 569 892 lieet
599 825 676 892 an.
706 825 801 892 asten
831 850 856 892 s.
878 825 998 893 kieken
1028 827 1190 914 speculari

94 946 208 1032 (nostr.
224 943 363 1027 kucken‚
378 942 532 1030 gumen),
555 942 642 1031 quod
656 944 792 1011 verbum
812 942 847 1008 in
869 966 934 1031 qua
955 943 1189 1032 significatione

92 1072 204 1129 natum
227 1061 283 1144 ait,
310 1060 483 1127 ostendunt
504 1060 638 1126 vocabb.
661 1060 793 1148 linguae
815 1061 1057 1129 scandinavicae
1079 1061 1188 1147 (altr.)

92 1179 211 1257 Ιοοίῖεεν,
233 1201 350 1245 curvus
372 1186 405 1243 et
425 1177 528 1262 latae
551 1177 679 1243 curvari
698 1178 735 1262 ¹).

175 1295 326 1362 Fortasse
349 1295 445 1364 etiam
467 1294 683 1359 semiticarum
703 1294 888 1382 linguarum
910 1296 1108 1384 comparatio
1123 1297 1154 1361 h.
1167 1297 1189 1370 l.

94 1413 215 1502 aliquid
237 1411 385 1479 utilitatis
407 1410 546 1496 adferet,
568 1434 642 1477 cum
662 1412 836 1500 praecipue
857 1412 1009 1479 hebraica
1030 1387 1190 1481 vocabule

92 1531 256 1596 notionem
278 1528 429 1616 sperandi
452 1539 492 1594 et·
505 1527 687 1594 confidendi
709 1529 925 1617 exprimentia
945 1503 1097 1618 magnam
1119 1555 1190 1620 par·

92 1657 157 1712 tem
186 1646 323 1713 similem
349 1644 508 1733 originem
536 1656 568 1711 et
595 1669 707 1711 sensus
736 1647 983 1714 translationem
1007 1648 1189 1737 exhibeant,
1283 1650 1289 1669 ⁴

97 1774 196 1853 atque
219 1764 252 1830 in
273 1787 346 1830 voe.
367 1757 459 1829 ἔλπω
482 1763 588 1829 locum
608 1763 758 1830 habuisse
780 1764 986 1831 ostendimus.
1012 1803 1045 1814 -
1069 1744 1192 1855 Capp-

94 1882 239 1948 zovius
261 1881 294 1947 in
317 1879 397 1947 crit.
420 1903 500 1946 sacr.
523 1878 565 1945 V.
580 1879 631 1946 Ti.
653 1903 731 1968 pag.
755 1886 824 1963 201,
846 1882 886 1946 de
904 1881 1052 1948 ubertate
1074 1866 1191 1950 serino·

92 2001 147 2087 vnis
168 1978 312 2068 liebraici
332 1999 479 2086 loquens,
497 2005 602 2080 notat,
629 1996 871 2085 quatuordecim
893 1997 922 2063 ei
945 2021 1015 2084 essa
1035 1998 1193 2067 vocabule

92 2117 222 2209 diverse
242 2115 469 2182 confidentiam
490 2115 524 2179 in
545 2092 661 2182 Deum¹
677 2113 902 2201 significantia.
947 2112 1059 2194 Quem
1081 2113 1191 2195 nunne-

91 2257 162 2300 rum
190 2233 285 2298 facile
314 2232 410 2322 etiam
440 2231 602 2319 adaugere
631 2255 826 2320 possemus„
851 2233 878 2297 si
906 2232 1014 2298 omnia
1041 2231 1190 2301 diversae

94 2351 229 2437 originis
251 2350 422 2435 vocabula,
459 2350 615 2439 quae'vel
639 2372 729 2438 spem
750 2351 803 2416 vel
824 2349 974 2437 fiduciam
997 2349 1189 2438 significant,

93 2469 124 2533 h.
146 2447 217 2534 loco
240 2467 393 2554 colligere
414 2467 581 2533 vellemus.
625 2466 818 2532 Necessario
834 2468 918 2532 enim
933 2467 1023 2533 notio
1039 2467 1190 2555 sperandi

95 2611 120 2652 s.
150 2585 330 2653 confidendi
361 2585 477 2651 summi
500 2584 695 2651 discriminis
724 2594 794 2651 erat
821 2585 855 2650 in
877 2584 1098 2651 Israelitarum
1119 2584 1190 2650 reli-

93 2705 207 2793 gione,
242 2713 278 2770 ut
312 2725 409 2792 quae,
424 2711 494 2767 tota
510 2701 557 2769 ,in
584 2681 851 2789 promissionibus
880 2702 999 2768 divinis
1026 2710 1190 2769 exstructa

94 2831 164 2914 erat
194 2830 227 2888 et
254 2822 292 2900 in,
318 2843 355 2889 eo
376 2818 522 2908 inprimis
548 2819 822 2904 versabatur2-ut
849 2820 987 2887 firmiter
1004 2814 1198 2886 crederetur·

93 2940 238 3006 divinum
258 2938 372 3004 horum
393 2936 619 3002 vaticiniorum
642 2917 924 3012 auctoremctiam
947 2934 1038 3002 certo
1056 2937 1191 3025 praesti·

92 3067 199 3133 turum
223 3078 303 3141 esse,
327 3055 414 3147 qnod
436 3054 648 3143 promisisset.
670 3091 711 3103 -
733 3055 775 3121 V.
798 3040 883 3123 intra'
904 3052 986 3143 (lap.
1008 3054 1069 3137 IV,
1094 3061 1120 3120 1.

174 3172 246 3242 Iam
274 3196 316 3239 ex
341 3195 462 3260 magno
484 3173 600 3240 horum
620 3172 793 3239 verborum
813 3194 947 3238 numero
968 3171 1190 3261 frequentissi-

92 3273 184 3377 mum
201 3292 269 3393 fere
292 3299 324 3356 et
344 3291 555 3380 praecipuum
578 3299 626 3356 est
647 3299 722 3394 ΜΡ,
744 3289 829 3356 idem
852 3289 1008 3356 denotans
1029 3289 1067 3354 in
1078 3289 1142 3354 Kal
1160 3298 1192 3354 et

92 3409 172 3475 Piel.
215 3409 352 3496 Proprie
376 3419 410 3487 et
436 3409 585 3496 primitus
614 3407 777 3495 significat
797 3398 952 3494 torpuere,
988 3408 1191 3491 adsciscere,

93 3526 189 3593 etiam
211 3527 329 3625 ls‘pcre,
365 3526 450 3603 unde
478 3539 511 3630 ῚΡτ
531 3525 617 3592 funis
645 3523 827 3625 mansorius
833 3573 843 3608 ,
875 3535 1007 3607 norma,
1038 3533 1072 3590 et
1093 3536 1191 3623 ,Ἥρω
1283 3560 1287 3567 ·

94 3643 180 3728 (Jcs.
203 3649 232 3727 2,
250 3645 301 3726 18)
323 3643 495 3709 funiculus.
538 3643 620 3708 Inde
642 3641 737 3714 data
759 3651 808 3708 est
828 3640 916 3708 notio
935 3641 1077 3724 calendi,
1108 3662 1191 3727 quae
1267 3656 1316 3747 ᾗ
1368 3664 1373 3674 ·

100 3834 391 3845 —aa—-n—-un--n

59 3990 62 3997 ·
168 3971 185 4037 'l
202 3968 307 4024 Diversa
326 3968 491 4025 translatione
509 3970 595 4023 aititur
613 3969 670 4023 alid.
690 3969 804 4040 dique„
815 3970 880 4023 unda
898 3971 976 4025 nubat.
996 3970 1110 4040 gidiogi,
1126 3969 1194 4021 mhd.

92 4062 202 4135 godinge
219 4060 319 4133 (Ἤδη
330 4065 354 4115 d.
373 4065 389 4117 l.
403 4082 425 4115 c.
445 4063 548 4133 p-400).
568 4064 635 4135 quod
654 4067 757 4133 proprio
773 4064 843 4117 valet
861 4064 1012 4126 ratiocinari,
1029 4056 1195 4140 loylssrodart

97 4158 154 4212 inde
171 4159 320 4226 plerumque
342 4175 489 4226 :sperares
519 4159 563 4210 cfr.
582 4169 658 4211 nostr.
677 4174 684 4209 t
709 4159 755 4211 eut
773 4158 991 4217 etwasrechncn.
1027 4155 1138 4210 Obscum
1156 4167 1194 4210 sat

94 4255 219 4320 primitiva
244 4270 263 4309 s.
292 4255 415 4306 matualis
440 4252 512 4305 liuius
536 4237 626 4304 radicis
651 4243 727 4305 notio.
765 4253 794 4305 V.
814 4253 937 4323 Weigd.
965 4252 982 4302 l.
999 4269 1020 4319 c.
1042 4269 1065 4320 p.
1083 4249 1142 4304 248.
1160 4278 1191 4290 -

94 4347 213 4400 rosam
231 4356 366 4417 cognatum
386 4357 424 4402 est
441 4364 496 4400 cum
513 4363 554 4420 gr.
573 4345 665 4412 δοκεῖν,
682 4326 789 4415 opinari,
807 4320 954 4414 expectare:
987 4341 1170 4416 elsinwanc.
1248 4332 1324 4448 ¹

467 4497 472 4508 .
496 4493 497 4497 =
592 4468 613 4501 0
708 4506 715 4521 ,
