2782 4724
556 308 638 373 ’75

525 399 723 410 -ι--ι-

167 518 196 583 5.
240 513 342 579 Hisce
371 515 520 581 omnibus
545 515 724 601 ¹coniunctis
754 537 828 603 spes
856 515 995 593 efficitur
1021 528 1130 593 sancto
1151 538 1176 597 s.

79 641 192 722 caster
219 630 505 707 sanctificationem
530 617 615 697 enirn
635 630 787 720 vitaeque
808 631 1050 711 renovationem
1070 655 1179 705 neces-

79 750 166 830 sario
190 771 260 814 esse
283 747 485 813 coniunctam
506 770 580 812 cum
601 770 675 834 spe,
697 747 743 813 ita
763 755 800 812 ut
819 747 908 812 nullo
929 747 1024 815 modo
1046 770 1123 820 vere
1145 757 1179 835 et

79 865 258 934 efficaciter
279 885 409 953 sperare
430 865 606 953 possimus,
628 864 691 930 nisi
712 864 776 952 ipsi
796 860 920 929 intente
942 875 974 930 et
994 856 1122 932 assidue
1143 865 1178 937 in

80 983 225 1050 moribus
259 982 378 1049 nostris
414 979 624 1069 purificandis
659 980 931 1067 emendandisque
966 974 1176 1066 elaboremus,

81 1101 175 1166 docet
201 1081 316 1165 I'Joh.
338 1101 400 1174 3,3
430 1119 438 1162 r
470 1094 524 1193 soei
563 1097 632 1172 πᾶς
658 1089 677 1160 ὁ
714 1089 797 1176 ἔχων
824 1087 1028 1184 missicius
1058 1086 1177 1186 ταύτην

80 1214 133 1283 ἐπ’
156 1204 246 1299 αὐτῷ
266 1207 432 1300 ἁγνίζει
454 1200 578 1282 ἑαυτόν.
620 1210 839 1280 sanctificatio
860 1213 913 1278 hic
935 1214 1074 1302 conditio
1096 1216 1178 1304 poti·

27 1314 34 1364 ¹⁴
80 1355 136 1416 us,
165 1355 263 1420 quam
290 1330 523 1418 consequentia
550 1338 583 1395 et
611 1330 745 1396 effectus
766 1330 836 1417 spei
857 1340 1012 1415 vocatur,
1038 1332 1072 1398 id
1088 1319 1185 1423 'quod‘

80 1450 165 1515 bene
191 1446 342 1534 exposuit
362 1447 512 1521 Hofm.‚
546 1444 750 1514 Sohriftbew.
772 1447 835 1532 111,
862 1470 945 1536 pag.¹
960 1454 1036 1534 320,
1065 1431 1178 1519 contra

81 1562 367 1630 Dfisterdieck.
388 1571 465 1629 cont
466 1562 586 1627 rarium
606 1562 869 1628 adserentem-
885 1561 1006 1631 Similit
993 1575 1043 1632 ter
1056 1567 1075 1632 I
1088 1567 1176 1633 Petr.

83 1686 111 1761 l,
135 1686 173 1774 22
204 1678 395 1744 sententiam
421 1677 508 1743 illam
536 1677 575 1743 de
603 1678 682 1762 fide,
714 1701 797 1775 quae
819 1678 914 1745 simul
935 1703 1008 1768 spes
1029 1681 1115 1747 faeta
1136 1681 1178 1749 sit

81 1799 116 1870 in
145 1796 270 1878 Deum,
301 1794 409 1867 statim
444 1794 551 1888 sequit
552 1817 591 1859 ur
620 1795 837 1860 adhortatio:
865 1792 927 1870 ταῖς
954 1794 1068 1887 ψυχας
1087 1792 1179 1879 ὑμῶν

38 1923 41 1928 ’
80 1901 241 2000 quantes
265 1909 299 1978 ἐν
324 1911 375 2000 τῆ
392 1897 536 2000 ὑπακοῇ
543 1910 600 1998 τῆς
627 1901 789 1996 ἀληθείας
811 1910 954 1993 uuiaet
974 1915 1050 1981 Act.
1072 1918 1177 1999 24,16

81 2031 218 2119 Paulus,
246 2038 320 2116 post
322 2052 419 2117 quam
445 2052 477 2094 v.
504 2031 539 2093 15
565 2028 732 2116 professus
761 2036 830 2095 erat
858 2051 953 2120 spem
970 2053 1078 2114 suam,
1107 2030 1177 2120 fore

82 2148 350 2214 resurrectionem
378 2155 594 2230 mortuorum,
620 2146 729 2233 pergit
759 2171 766 2210 :
797 2142 833 2210 ἐν
857 2138 965 2230 vairp
998 2145 1054 2212 καί
1080 2136 1179 2242 αιίτὸς1

80 2254 174 2331 αἷσκῶ
201 2253 416 2350 α’πρόσκοπον
437 2259 619 2348 συνείδησιν
641 2256 727 2343 ἔχειν
745 2258 831 2349 πρὸς
850 2255 906 2328 τόν
920 2260 1003 2328 θεὸν
1023 2263 1077 2330 καὶ
1097 2256 1179 2338 τούς

79 2366 282 2465 deiecimus
314 2368 373 2444 διαί
397 2369 535 2464 παντός,
564 2379 620 2444 ubi
646 2378 726 2444 illud
752 2376 785 2445 ἐν
808 2367 932 2465 τούτῳ,
962 2402 1071 2469 quare,
1092 2379 1176 2465 ideo,

78 2508 181 2563 totam
211 2496 340 2585 quidem
366 2495 600 2583 professionem
621 2495 787 2584 religionis
808 2497 850 2563 V.
862 2497 914 2563 Ti.
936 2498 1058 2583 vsibus.
1082 2503 1122 2563 14
1143 2505 1177 2563 et
1240 2541 1243 2545 f

60 2617 120 2680 n*15
135 2613 407 2702 comprehensam
435 2613 576 2701 respicit,
598 2613 746 2700 inprimis
767 2622 875 2681 tamen
896 2615 937 2680 ed
959 2636 1050 2704 spem
1071 2636 1177 2679 resur·

80 2731 251 2815 rectionis,
282 2730 431 2818 proxime
458 2730 623 2823 superiore
651 2730 721 2796 loco
747 2741 976 2815 memoratam,
1008 2730 1180 2798 referenda

80 2848 280 2914 videtur-
311 2845 393 2919 Scnt
380 2846 495 2938 tentia,
516 2845 691 2912 cavendam
714 2868 784 2912 esse
806 2848 1015 2914 offensionem
1037 2858 1070 2914 et
1090 2871 1180 2915 exer·
1196 2895 1199 2900 »

81 2963 218 3030 condem
239 2942 393 3029 virtutem
409 2972 544 3052 propter
557 2962 834 3056 propinquitatem
854 2987 893 3031 ao
905 2940 1179 3059 magnificentiam

81 3081 176 3152 salut
154 3090 195 3146 tra
218 3089 408 3170 expectatae
434 3079 596 3168 reperitur
618 3079 715 3162 etiam
734 3079 770 3145 Π
792 3078 867 3147 Cor.
890 3086 926 3166 6,
943 3086 957 3145 1
983 3105 1097 3169 squu.;
1089 3073 1191 3151 ·.cfr¹
1256 3145 1260 3155 ,

79 3197 208 3263 IPetr.
231 3203 260 3283 3,
276 3200 305 3283 5,
326 3199 383 3263 ubi
404 3198 507 3264 simile
529 3192 691 3287 quoddam
712 3197 751 3263 de
772 3197 960 3264 mulieribus
974 3198 1016 3264 V
1032 3198 1083 3265 Ti.
1104 3198 1179 3287 piae

80 3315 150 3402 spei
171 3313 276 3402 plenis
295 3313 500 3401 praedicatur
522 3301 694 3396 (ἐκόσμουν
714 3302 854 3399 ἒαυτίς).

164 3435 194 3496 6.
236 3431 291 3504 Ex
320 3429 489 3516 sanctitate
517 3431 587 3519 spei
602 3408 795 3520 'necessario
823 3430 969 3522 sequitur
995 3430 1064 3496 eius
1086 3429 1179 3498 beart

80 3550 163 3626 tudo,
192 3569 256 3637 qua
281 3547 424 3613 futuram
452 3557 602 3613 aeternae
622 3548 709 3615 vitae
732 3549 935 3619 sanctitatem
957 3572 1178 3640 summamque

80 3665 237 3732 laetitiam
257 3688 295 3732 ac
314 3665 593 3756 tranquillitatem,
616 3688 681 3755 qua
701 3666 735 3731 in
757 3667 846 3732 coelo
867 3690 927 3733 nos
947 3667 1102 3749 fruituros
1124 3690 1178 3734 ex·

80 3792 266 3868 pectamus,
294 3783 359 3849 iam
388 3782 481 3872 quasi
507 3774 887 3872 praesentemhabemus
908 3779 1120 3851 assentimus
1140 3783 1176 3871 ¹).

152 3993 174 4057 ¹)
193 3991 286 4047 Confer
303 3992 472 4046 definitionem
489 3995 556 4061 spei,
575 4010 649 4065 quum
667 3994 787 4047 Maximus
806 3989 941 4048 consessor
959 3991 1038 4062 (Opp.
1056 3991 1125 4046 Torn.
1143 3980 1177 4058 ll,

79 4074 138 4155 pag.
157 4084 223 4150 220)
248 4087 390 4155 proposuit,
425 4086 559 4139 monadum
585 4104 659 4155 quarn
684 4089 732 4157 ipsi
757 4088 829 4142 nobis
852 4098 1067 4156 repraesentamus
1090 4102 1177 4140 verum

79 4181 171 4234 bonum
189 4182 213 4231 in
232 4196 295 4248 spe,
313 4180 455 4250 firmiusque
473 4197 503 4235 es
520 4191 634 4235 tenemur
651 4197 693 4237 ros
712 4182 867 4255 invisibiles,
893 4198 969 4253 quam
986 4197 1073 4238 manus
1091 4191 1178 4239 tenero

80 4283 162 4342 potest
179 4288 220 4326 res
237 4272 375 4329 sensibiles.
