2782 4724
633 303 671 367 87

553 393 754 404 *unu—-

107 521 214 597 soant,
243 514 289 578 its
314 522 350 579 ut
369 535 407 579 es
427 512 495 578 fero
517 510 557 577 de
579 517 783 598 statuatque
805 517 924 575 eventu
943 531 1052 576 rerum
1073 517 1199 576 senten-

106 628 152 695 tis
181 631 211 695 ei
236 631 407 696 tribuenda
435 629 598 710 videatur,
631 650 729 716 quom
750 626 984 693 recentioribus
1007 627 1200 715 quibusdam

106 745 265 834 theologis
299 743 526 834 „dynamisohe
550 742 872 831 Woltansohsuung“
906 766 1094 831 nuncupare
1128 743 1199 831 pls·

28 886 30 889 ·
108 863 173 927 cuit
204 861 244 948 ):
265 862 396 927 minime
416 871 525 928 tumen
547 861 650 926 omnis
670 860 799 926 futurae
822 859 1035 948 coelestisque
1056 881 1201 926 consum·

106 979 255 1045 mationis
278 980 387 1067 opinio
409 979 439 1044 ei
461 977 601 1043 defuisse
621 977 765 1064 putanda
786 986 858 1062 est3
890 977 987 1043 immo
1009 978 1107 1066 plane
1128 1001 1202 1044 ean·
1312 972 1333 990 ’“

106 1096 179 1161 dem
201 1118 274 1161 eum
296 1095 345 1160 his
367 1095 407 1160 de
428 1094 526 1160 rebus
546 1086 740 1161 sententiam
760 1093 912 1161 hahuisse
932 1093 1201 1161 verisimillimum

106 1220 170 1295 est,
204 1235 301 1300 quam
326 1212 412 1302 apud
441 1222 565 1278 ceteros
591 1211 756 1299 apostolos
775 1211 967 1277 invenimus.
1009 1212 1097 1277 Nam
1117 1213 1202 1279 siout

105 1328 270 1416 perusiam
296 1329 431 1395 Domini
458 1330 601 1395 futuram
632 1328 715 1410 bene
743 1327 835 1393 novit
868 1308 958 1413 (doh.
981 1332 1011 1412 5,
1026 1334 1083 1413 285
1106 1334 1199 1416 14‚3;

106 1468 177 1533 esp.
200 1444 392 1523 2131J0h.
415 1452 444 1530 2,
459 1445 532 1532 28),
567 1445 614 1510 its
640 1466 732 1531 spem
753 1467 882 1532 quoquo
905 1444 998 1512 docet
1017 1445 1201 1535 ponendam

106 1584 177 1627 esse
204 1563 238 1627 in
257 1562 354 1629 beata
374 1562 439 1627 Dei
460 1562 584 1628 visione
605 1571 638 1628 et
659 1560 893 1649 glon‘fiostiono
915 1562 1104 1628 exordiente
1118 1546 1206 1629 'inde‘

106 1678 147 1744 ab
167 1678 228 1742 hso
248 1679 381 1766 perusia
402 1702 410 1744 :
431 1678 451 1745 I
469 1678 546 1746 Joh.
568 1684 598 1763 3,
621 1685 650 1744 2.
672 1684 702 1744 3.
746 1676 833 1744 Sane
861 1680 931 1746 sols
958 1688 1007 1745 est
1027 1676 1125 1757 ἐλπὶς
1143 1673 1203 1771 τῆς·

105 1782 223 1882 δόξης,
256 1796 401 1863 sublimis
428 1796 485 1862 illo
510 1820 548 1862 ao
577 1804 689 1862 sancta
713 1795 874 1861 bonorum
900 1797 1201 1884 augustissimorum

18 1965 21 1968 .
108 1914 310 2001 expectatio,
353 1937 450 2002 quam
477 1915 509 1980 h.
536 1913 559 1978 l.
590 1912 735 2001 profiteri
764 1898 893 1979 videtur
923 1915 1103 2000 spostolus3
1145 1915 1202 1982 sed

107 2052 206 2118 quum
233 2029 331 2096 finem
337 2080 347 2115 ,
378 2053 475 2119 quem
504 2031 566 2097 sibi
593 2022 801 2119 proposuisse
828 2028 956 2096 videtur
975 2031 1010 2097 in
1032 2031 1201 2099 scribendo

106 2148 274 2236 evangelio
297 2171 355 2214 suo
377 2148 546 2238 primoque
567 2147 713 2237 epistola,
736 2146 907 2214 admodum
920 2147 1117 2235 singularem
1129 2171 1200 2214 esso

108 2272 242 2347 constet,
264 2263 435 2342 nescimus,
464 2287 572 2344 onnon
593 2265 658 2331 slis
678 2265 784 2350 etism,
807 2287 910 2353 eaque
931 2264 1094 2350 inferiora,
1117 2250 1202 2332 obie-

104 2389 157 2445 cta
177 2381 329 2469 sperandi
354 2381 389 2447 in
409 2381 541 2470 perusia
567 2383 735 2448 nobiseum
756 2382 1020 2448 communicanda
1040 2382 1200 2454 statuerit

105 2494 172 2562 cfr.
195 2520 227 2562 v.
250 2521 278 2564 o.
299 2496 335 2563 Π
356 2497 432 2565 Joh.
448 2504 478 2564 8.
522 2497 675 2565 Ceterum
695 2500 780 2566 bene
800 2500 926 2567 monuit
946 2500 1101 2567 Neand.
1123 2500 1159 2587 (l.
1172 2523 1201 2569 o.

103 2634 179 2699 pag.
203 2612 277 2698 901)
301 2613 436 2680 eandem
458 2637 500 2680 ex
518 2615 679 2683 Johonnis
702 2616 861 2684 sententis
883 2640 954 2684 esse
976 2617 1203 2706 cognationem

104 2727 180 2794 fidei
201 2752 274 2793 oum
295 2751 362 2817 spe,
383 2751 480 2817 quam
501 2732 588 2820 apud
609 2732 758 2798 Paulum.

104 2919 253 2930 *—

181 3039 204 3108 ¹)
224 3037 289 3093 vids
306 3055 330 3094 v.
342 3058 365 3093 o.
382 3034 573 3106 Sohwsiusu'
588 3041 872 3109 saturnius-nogotiis
890 3040 910 3107 l,
927 3038 1032 3112 psg.83
1047 3050 1074 3096 ot
1091 3043 1201 3110 saepius.
