2782 4724
621 328 660 400 79

89 563 168 625 nor,
191 533 267 630 quia
289 564 380 629 spem
402 534 489 607 etin
510 542 618 630 priore
641 565 700 607 sua
721 541 858 628 epistola
878 549 911 607 et
931 540 966 606 in
987 539 1185 608 orationibus

92 659 159 725 suis
166 709 175 742 ,
216 681 298 746 quae
331 659 443 746 primis
471 657 629 725 Actorum
659 658 819 746 capitibus
851 657 945 723 nobis
977 665 1186 723 conservatae

92 784 176 858 sunt,
198 775 302 863 primo
325 755 396 841 loco
419 776 504 841 inter
526 798 637 842 omnes
658 776 796 842 virtutes
817 773 1007 839 christianas
1028 774 1186 839 collocare

91 893 175 957 solet
196 914 391 984 semperque,
409 914 531 957 summo
554 891 660 958 studio
682 914 720 957 ac
742 891 834 982 quasi
854 891 1005 979 flagranti
1028 891 1186 958 desiderio

92 1010 126 1073 in
147 1009 269 1073 exitum
290 1008 384 1073 huius
407 1008 507 1080 seculi
528 1017 561 1074 et
581 1006 889 1074 consummationem
903 1008 1010 1095 operis
1027 1007 1186 1092 salutaris,

91 1123 262 1192 aChristo
284 1124 433 1208 inchoati,
456 1125 609 1190 intuetur.
653 1124 762 1206 Quam
782 1124 1095 1191 nominationem'ad
1116 1124 1186 1191 ulti·
1253 1136 1254 1140 ’

88 1263 179 1306 mum
207 1241 425 1324 Weissius,
468 1241 502 1306 in
536 1242 685 1329 egregio,
724 1265 820 1331 quem
855 1241 895 1307 de
920 1241 1010 1307 Petri
1039 1225 1186 1307 doctrina

93 1358 221 1444 scripsit
242 1358 324 1424 libro
347 1353 451 1443 (Sect.
472 1356 500 1440 I,
520 1380 596 1444 pag.
615 1362 654 1423 26
676 1357 752 1442 etc.)
773 1357 922 1445 plurimis
943 1367 1041 1446 atque
1061 1358 1185 1446 gravis·

91 1474 181 1539 simis
216 1474 414 1562 argumentis
449 1474 572 1539 collatis
606 1472 750 1539 defendit
784 1483 882 1561 atqua
909 1496 951 1539 ex
978 1473 1065 1538 omni
1090 1462 1185 1561 parte

91 1613 203 1657 veram
225 1614 297 1657 esse
318 1591 479 1680 probavit,
501 1591 577 1657 licet
597 1591 695 1678 paulo
714 1599 792 1667 ,ante
815 1591 912 1656 etiam
934 1576 1185 1658 Schmidius:

91 1708 274 1794 „Biblische
285 1709 398 1776 Theol.
416 1709 472 1775 des
481 1708 524 1774 N.
534 1709 649 1774 Test’s.
662 1708 712 1774 ed.
725 1707 990 1775 Weizsttclrar
1002 1709 1061 1792 (II,
1070 1729 1102 1795 p.
1112 1708 1185 1791 205)

90 1825 173 1891 hanc
195 1848 264 1891 esse
285 1827 517 1914 proprietatem
535 1824 701 1892 doctrinae
723 1833 875 1911 negasset
893 1824 930 1909 ¹).
972 1824 1006 1890 N
1008 1846 1043 1888 os
1065 1846 1186 1907 eorum,

91 1964 174 2029 quae
188 1940 396 2018 ,Weissius
418 1942 458 2008 de
475 1918 538 2009 ⁴hac
560 1965 594 2008 re
616 1941 809 2031 disputavit,
830 1941 910 2006 nihil
930 1939 1186 2028 impugnandum

90 2079 266 2142 censemus,
282 2059 428 2147 inprimis
443 2083 520 2126 vero
535 2060 713 2144 laudamus,
728 2081 811 2149 quae
825 2061 845 2140 ξ
859 2062 877 2123 5
892 2042 983 2127 illius
992 2048 1143 2124 sectionis
1155 2056 1185 2142 ²)

91 2176 241 2263 exposuit
262 2176 302 2242 de
324 2178 413 2242 arcta
434 2185 530 2264 atque
551 2176 666 2242 intima
685 2176 893 2258 necessitate,
932 2197 997 2263 qua
1022 2173 1103 2240 haec
1132 2173 1189 2239 do·

90 2292 183 2358 cendi
196 2292 387 2381 proprietas
409 2314 481 2359 cum
496 2293 652 2382 peculiari
666 2292 799 2380 ingenio
812 2300 946 2378 totaque
961 2299 1076 2356 natura
1090 2290 1185 2357 huiu‘s

90 2409 229 2496 apostoli
255 2409 426 2476 coniuncta
453 2411 505 2476 sit.
561 2410 601 2477 Id
629 2411 733 2476 solum
759 2400 834 2475 hnlc
865 2407 1076 2496 disputationi
1105 2415 1185 2495 puto

90 2523 273 2590 addendum
292 2526 402 2609 fuisse,
423 2526 530 2614 ipsum
550 2525 857 2613 cognomenPatri
871 2523 989 2612 (ΝΜ),
1011 2525 1185 2614 qquesus

89 2663 163 2707 eum
186 2641 322 2739 ornavit,
343 2643 400 2709 ubi
420 2642 561 2730 primum
581 2643 611 2709 ei
633 2642 760 2710 obviam
781 2643 885 2709 factus
907 2650 956 2708 est
978 2640 1184 2728 (Joh.1,42)

90 2767 124 2823 et
153 2761 287 2844 iterum,
330 2782 430 2848 quum
458 2759 514 2825 ille
542 2759 683 2825 divinam
712 2758 813 2846 ipsius
842 2768 991 2824 naturam
1019 2758 1185 2847 professus

89 2885 175 2941 esset
205 2875 335 2961 (Matth.
360 2876 496 2964 16,17),
534 2877 644 2964 aliqua
671 2898 712 2941 ex
740 2884 832 2964 parte
860 2884 1006 2962 spectare
1035 2874 1077 2940 ad
1101 2875 1185 2942 hanc

88 2991 207 3058 indolis
220 3078 223 3082 A
236 3017 275 3065 ac
303 3004 439 3060 naturae
470 2994 539 3060 eius
567 2991 808 3081 proprietatem.
858 2988 944 3057 Nam
974 2990 1001 3057 si
1028 2992 1111 3057 bene
1137 3013 1185 3058 rc·

90 3109 244 3197 spicimus
268 3111 396 3198 singula
417 3112 606 3200 praeclarae
627 3110 713 3176 illius
733 3106 926 3173 narrationis
947 3105 1062 3173 Matth.
1081 3110 1122 3173 216
1143 3106 1184 3174 dc

88 3247 208 3313 magna
230 3229 430 3293 confessione
451 3227 560 3321 Petri,
586 3226 787 3302 inveniamus
807 3247 939 3291 necesse
962 3232 1025 3308 cst,
1053 3222 1185 3312 proprie

89 3365 156 3408 non
186 3344 286 3408 fuisse
315 3343 390 3408 fidei
418 3343 603 3409 firmitatem
631 3352 663 3410 et
689 3342 917 3426 constantiam,
959 3340 1050 3407 cuius
1079 3343 1185 3429 gratia

90 3458 252 3525 Dominus
274 3478 349 3525 eum
369 3458 574 3546 insigniverit
594 3459 649 3547 illo
671 3459 817 3542 nomine,
853 3460 911 3524 sed
931 3459 1039 3547 potius
1060 3482 1185 3526 sensum

161 3795 181 3863 ¹)
199 3796 296 3850 »Wenn
313 3811 373 3848 mun
392 3795 447 3851 niso
465 3806 537 3867 sagr,
565 3792 657 3850 Paulus
675 3799 710 3852 sei
729 3797 774 3852 der
790 3796 894 3869 Apcstcl
912 3799 956 3855 das
974 3797 1110 3863 dirutam,
1138 3797 1185 3854 lo·
1233 3824 1239 3846 ι

89 3887 183 3941 hanucs
206 3888 250 3941 der
267 3890 373 3957 Apostel
398 3891 444 3945 dar
462 3891 538 3945 liobe
563 3891 614 3945 und
632 3892 720 3954 Petrus
744 3891 790 3947 der
807 3893 911 3963 Apoatal
928 3895 974 3946 der
992 3893 1133 3963 ilollnnng,
1157 3909 1186 3948 ιο

88 3983 120 4035 ist
138 3981 215 4034 damis
232 3981 312 4035 nichts
329 3983 542 4037 Enucheidendes
560 3995 719 4055 scegonges
736 4006 766 4025 ·—
788 3985 904 4040 Getarum
923 3990 998 4042 etiarn
1015 3984 1183 4042 messaara
1301 4000 1303 4009 ’

89 4075 147 4130 adia
163 4076 243 4129 Lehrs
261 4076 305 4128 der
322 4075 461 4145 sponsata,
489 4076 570 4144 lcipa.
591 4076 672 4145 ¹855,
691 4095 749 4149 pag.
769 4078 820 4133 118
837 4097 910 4151 squu.
930 4079 1056 4146 opinioni,
1084 4079 1184 4134 Petram

85 4171 200 4238 inprimis
217 4170 357 4238 apostolum
375 4172 429 4238 spei
446 4169 593 4224 iocandum
604 4186 673 4238 ersa,
686 4172 835 4228 adsentitur·
1000 4175 1001 4178 ’

158 4290 179 4358 ¹)
197 4288 257 4359 Pug-
266 4287 370 4342 88-97
383 4305 390 4340 ε
401 4288 448 4343 Dic
458 4288 669 4361 psychologischc
682 4289 752 4345 Brsir
769 4292 851 4345 deser
867 4289 1185 4361 Lehraigenthtitrliclrltsit.
