2782 4724
592 339 630 400 81

56 540 243 628 spiritualis,
276 539 317 606 ad
345 564 443 628 quam
477 541 646 628 evangelio
681 541 721 608 de
755 541 870 628 gratia
895 541 1017 610 Christi
1046 540 1152 607 vocati

55 680 178 722 eumue.
201 655 284 743 Spes
306 667 415 723 tamen
428 658 566 723 Paulina
586 680 646 746 per
666 681 702 723 se
723 658 804 745 ipsa,
825 681 895 740 eeu,
915 668 952 724 ut
971 659 1016 724 ita
1037 657 1151 740 dicam,

55 773 267 841 materialiter
295 783 454 861 spectata,
483 775 581 863 plane
608 784 657 840 est
678 775 789 840 eadem
812 798 848 840 ao
869 773 1016 856 Petrina,
1046 770 1152 861 neque

57 914 172 957 verum
193 900 252 975 eet,
275 891 363 979 quod
377 891 454 957 dicit
473 891 619 959 Weiss.
641 915 716 980 pag.
732 895 783 975 65,
795 888 891 978 apud
904 890 1041 957 Paulum
1063 911 1154 976 spem

56 1017 184 1072 tanturn
210 1017 428 1093 „momentum
453 1031 525 1085 esee
546 1007 658 1090 fidei“,
687 1006 773 1095 quod
795 1007 887 1095 quasi
907 1007 1040 1071 tollatur
1060 1006 1094 1070 in
1116 1027 1155 1070 ea

57 1135 156 1211 atque
186 1133 368 1189 evanescat.
412 1123 492 1189 Looi
519 1097 622 1206 enirn,
653 1146 734 1212 quoa
762 1123 816 1188 ille
839 1121 1006 1210 adlegavit
1032 1120 1154 1187 adhoc

57 1242 269 1328 probandum,
291 1241 371 1307 nihil
391 1241 469 1306 mihi
491 1242 642 1309 videntur
661 1242 771 1308 valore
792 1241 833 1306 ad
853 1241 914 1306 hoo
928 1239 1151 1328 propositum:

57 1382 133 1423 nam
154 1358 248 1424 Rom.
271 1364 355 1443 4,18
383 1380 489 1424 sermo
509 1368 559 1424 est
581 1357 620 1424 de
629 1361 701 1443 fide
721 1357 914 1439 Abrahami,
941 1379 1025 1444 quae
1046 1377 1153 1420 neree

57 1474 142 1539 sario
170 1474 299 1541 diversa
326 1485 377 1541 est
403 1498 423 1541 a
450 1475 514 1541 fide
536 1473 808 1558 Christianorum,
837 1497 936 1563 quum
964 1472 1153 1561 primarium

57 1588 127 1655 eius
148 1591 311 1658 obiectum
332 1591 367 1656 in
383 1591 491 1679 futuro
506 1599 651 1678 tompore
672 1590 771 1656 eitum
786 1590 847 1674 ¹uit3
878 1600 977 1679 quare
999 1588 1053 1653 hie
1073 1609 1153 1675 opus

58 1716 129 1773 erat
161 1708 232 1796 spei
252 1709 384 1775 notione
404 1707 446 1774 ad
467 1707 595 1796 plenam
616 1706 819 1773 reddendam
832 1706 927 1772 huius
947 1706 1024 1772 fidei
1039 1685 1154 1771 ¹delini-

57 1824 190 1890 tionem.
234 1825 302 1890 Tit
326 1831 352 1909 1,
378 1831 404 1890 1.
418 1831 446 1890 ,2
468 1848 546 1891 vero
568 1825 698 1890 omnino
720 1824 782 1889 huo
803 1847 869 1889 non
890 1823 1048 1911 pertinet3
1061 1876 1064 1881 .
1079 1844 1155 1886 nam

57 1943 251 2007 vocabulum
278 1938 329 2008 ἐπ’
351 1938 466 2008 ἐλπίδι
503 1941 549 2008 ibi
570 1941 691 2030 pendet
711 1949 838 2007 tantum
859 1962 900 2004 ex
922 1965 929 2006 :
963 1933 1155 2024 ,ἐπίγνωσιν

58 2049 223 2147 (liquatae
243 2059 300 2145 τῆς
321 2064 390 2126 κατ’
412 2049 619 2156 τιν’σὲβιιαν“,
650 2082 716 2123 non
743 2057 838 2123 simul
859 2080 901 2123 ex
924 2046 1027 2143 „need
1042 2053 1155 2122 πίστιν
1252 2078 1256 2083 ·

55 2163 214 2243 Ιἐκλεκτῶν
235 2177 322 2242 θεοῦ
339 2179 375 2262 ¹).
418 2177 547 2243 Deinde
573 2176 609 2242 H
624 2175 699 2243 Oor.
714 2177 777 2258 qt
802 2163 874 2259 (aa
896 2170 1041 2249 πίστεως
1062 2194 1155 2260 περι·
1258 2148 1280 2177 *

58 2296 241 2376 πατοῡμεν,
283 2283 325 2360 ov'
354 2286 414 2360 dael
448 2293 577 2374 εἴδους)
605 2294 734 2360 videtur
751 2291 892 2382 quidem
918 2288 1031 2366 πίστις
1057 2291 1153 2378 plane

58 2412 144 2479 idem
169 2424 299 2496 notare,
332 2411 419 2502 quod
447 2412 525 2478 alibi
550 2435 610 2500 per
633 2407 734 2486 ἐλπίς
755 2409 967 2498 exprimetur,
1001 2407 1154 2498 quoniam

61 2553 169 2596 sermo
198 2540 248 2597 est
276 2530 317 2597 de
345 2531 443 2597 rebus
464 2514 656 2596 'etiamnunc
681 2528 896 2594 iuviaibilibus
918 2536 952 2593 et
965 2526 1081 2592 'futuro
1103 2525 1155 2591 de·

59 2670 148 2713 mum
170 2648 278 2712 seculo
299 2647 486 2736 conspectui
499 2656 610 2712 nostro
625 2645 817 2711 revelandis.
862 2641 1062 2739 Sumendum
1076 2665 1154 2707 vero

60 2773 126 2847 eet,
159 2763 341 2851 apostolum
361 2764 392 2830 h.
414 2764 560 2830 Lusum
584 2786 656 2829 esse
682 2786 763 2828 vooe
791 2757 917 2844 πίστις,
947 2783 1011 2848 quo
1039 2760 1154 2825 fortius

61 2890 94 2945 et
113 2881 246 2967 gravius
269 2890 403 2970 urgeret
423 2883 664 2948 invieibalitotem
685 2902 792 2944 rerum
806 2878 944 2961 illarum,
967 2901 1067 2967 quum
1089 2872 1155 2943 πί·
1259 2967 1263 2971 ,

61 3017 132 3072 στις
151 2999 284 3087 proprie
305 3000 348 3066 sit
376 2993 508 3086 ἔλεγχος
531 2985 747 3086 πραγμάτων
752 3017 795 3071 oo
788 2986 1031 3078 ’βλεπομένων
1051 2994 1153 3061 Hebr.

63 3119 109 3193 ll,
126 3120 152 3198 l,
175 3139 368 3207 semperque
386 3117 516 3184 directe
529 3114 715 3227 opponatur
733 3106 918 3215 conspectui
941 3112 1089 3178 alicuius·
1097 3111 1155 3196 rei,

59 3229 135 3296 dum
157 3256 232 3319 apes
252 3230 484 3351 plerumque,
475 3255 572 3300 immo
595 3236 736 3331 semper,
753 3232 805 3296 res
826 3211 1013 3296 visibiles
984 3222 1076 3317 expe
1078 3228 1154 3294 tat:

58 3371 134 3412 nam
158 3346 328 3414 coelestia
327 3346 456 3438 quoque
486 3326 629 3439 gloria,
625 3357 750 3445 quam
767 3334 956 3440 speramus,
981 3328 1073 3435 quid
1107 3354 1156 3411 eat

60 3465 148 3530 aliud
170 3489 267 3554 quam
289 3477 481 3555 conspectus
495 3465 586 3535 Dei?
624 3467 814 3555 Negligitur
827 3465 940 3553 igitur
957 3487 994 3538 ae
1014 3472 1157 3552 praeter·
1266 3451 1280 3543 ⁵·

59 3583 198 3648 mittitur
218 3583 250 3649 h.
272 3584 293 3650 l.
325 3584 394 3671 spei
421 3593 519 3673 atque
546 3584 580 3650 in
598 3580 911 3649 universumfnturi
932 3581 1088 3669 temporit
1106 3592 1155 3646 re

22 3691 26 3699 ’
59 3712 188 3787 spectus
195 3750 205 3786 ‚
238 3724 331 3769 secus
359 3725 398 3768 ao
426 3701 520 3768 Rom
541 3705 645 3785 8,:24,
683 3698 908 3786 ubipropriei
927 3720 976 3765 ex:
996 3697 1157 3787 sententia

53 3818 225 3905 *scriptoris
246 3816 382 3900 βλέπειν
402 3827 435 3885 et
463 3809 579 3885 σι’ίπω
609 3811 747 3898 βίίπεω
771 3814 1003 3924 ιίίιὶσσρσιίιιι
1025 3823 1100 3880 eunt
1115 3812 1154 3919 ⁸).

130 4149 221 4229 *tcta
239 4174 304 4234 quae
313 4110 479 4216 liuthero·
497 4160 629 4219 adnotavit
644 4132 719 4217 ddh
737 4161 777 4216 1
833 4215 836 4227 ,

128 4278 219 4347 ¹.)cfr
238 4280 358 4336 Neand
376 4260 525 4335 Geechiclite
543 4281 589 4381 der
606 4251 686 4352 Νὴ
705 4292 753 4336 ato·
772 4297 843 4352 pag.
850 4280 910 4346 7⁵⁷,
928 4279 1070 4335 σοιί.ι

937 4371 956 4431 6
