2782 4724
730 352 1061 426 αι’·

196 574 246 634 v's.
267 588 339 654 squ.
360 591 368 634 :
395 556 455 632 οὐκ
475 558 607 646 οἴδατε,
628 559 674 634 ὅτι
698 559 851 653 α’γμέλους
869 569 1046 656 κρινοῦμεν,
1066 564 1184 660 μήτιγε
1204 575 1299 654 βιω-

195 677 293 764 aaa&
316 684 401 752 idem
430 686 613 774 expectatio
642 686 824 751 dominatus
852 676 1017 751 unacum
1045 685 1175 755 Christo
1206 712 1299 757 exer-

146 844 149 849 ·
197 790 305 886 cendi,
339 791 673 884 συμβασιλεύειν
705 804 723 869 Ι
750 801 825 870 Cor.
853 809 936 887 4,8;
970 804 1006 868 H
1028 803 1234 887 Tim.12,12.
1258 842 1296 859 -·

101 989 104 993 ,
197 915 349 986 Ceterum
383 920 518 985 eandem
546 920 804 1006 expectationem
839 918 1074 1007 quodammodo
1112 921 1212 986 etiam
1239 922 1298 991 Jo-

195 1034 310 1101 hannis
337 1036 437 1101 fuisse
466 1036 630 1124 propriam
660 1036 789 1122 prodire
820 1036 949 1102 videtur
971 1059 1012 1101 ex
1033 1037 1051 1103 I
1071 1038 1096 1104 J
1098 1038 1148 1103 oh.
1170 1044 1202 1123 4,
1226 1042 1297 1106 17:

189 1146 248 1219 ἵνα
261 1151 448 1242 noctanter
469 1147 594 1232 ἔχωμεν
608 1149 641 1216 ἐν
660 1151 700 1238 τῇ
720 1146 825 1239 ἡμέρη
844 1152 902 1238 τῆς
922 1149 1079 1239 κρίσεως,
1101 1144 1155 1220 ὅτι
1176 1149 1298 1235 καθεὶς

149 1338 153 1343 ,
195 1258 318 1345 ἐκεῖνός
344 1272 402 1354 (sc.
432 1262 592 1354 Χριστός)
623 1263 710 1333 ἐστιν
738 1266 794 1333 καὶ
817 1263 911 1354 ἡμεῖς
938 1266 1033 1351 ἐσμὲν
1054 1268 1089 1335 ἐν
1107 1273 1157 1356 aqi
1178 1266 1297 1362 κόσμῳ

194 1373 316 1470 τούτῳ,
339 1387 394 1453 ubi
415 1385 519 1452 ethica
533 1389 647 1452 saltem
661 1410 737 1475 pars
760 1398 792 1452 et
813 1388 953 1453 conditio
975 1383 1069 1454 huius
1094 1391 1162 1478 spei
1184 1393 1296 1460 adum·

107 1549 111 1561 .
192 1503 315 1569 bratur.
359 1501 482 1570 Contra
502 1504 604 1590 ipsius
625 1503 747 1571 Christi
768 1505 1012 1593 promissionem
1033 1507 1167 1597 respicit
1185 1507 1295 1598 Apco.

193 1624 278 1702 20‚4
300 1645 307 1685 ι
329 1623 432 1708 κρῖμα
452 1615 559 1707 ἐδόθη
582 1610 704 1697 αὐτοῖς.

275 1737 368 1803 Haec
404 1738 504 1825 igitur
538 1738 646 1803 omnia
683 1738 778 1804 simul
815 1739 907 1826 quasi
942 1741 1179 1827 complectitur,
1207 1728 1295 1824 δόξα

194 1851 317 1920 Christi
345 1855 379 1918 in
405 1855 538 1942 parusia
566 1855 660 1921 nobis
689 1856 913 1943 impertienda.
956 1854 1067 1936 Quare
1095 1850 1183 1939 δόξα
1205 1880 1294 1927 sum·

192 1992 281 2036 mum
309 1981 406 2058 atque
438 1971 627 2058 primarium
654 1980 703 2036 est
727 1972 887 2063 obiectum
915 1972 1005 2058 spei,
1037 1975 1124 2062 quod
1151 1976 1224 2042 inre
1250 1977 1294 2044 ad

191 2085 274 2153 hanc
301 2088 465 2154 notionem
494 2086 710 2174 supplendum
732 2110 802 2153 esse
824 2088 1076 2176 suspicabimur,
1097 2091 1294 2180 ¹ubieunque

191 2226 262 2270 voc.
292 2201 388 2287 ἐλπίς
415 2205 467 2269 vel
496 2205 642 2271 absolute
670 2206 723 2269 vel
749 2206 872 2293 absque
901 2206 963 2271 alio
992 2206 1132 2294 quodam
1162 2207 1293 2277 obiecto
1357 2279 1363 2298 x

190 2330 374 2407 usurpatur,
391 2322 535 2408 exceptis
551 2320 597 2411 eis
612 2321 763 2385 nimirum
776 2321 865 2404 locis,
882 2322 937 2386 ubi
952 2345 1003 2387 res
1019 2345 1106 2388 mere
1116 2332 1291 2392 terrestres

189 2436 242 2501 vel
261 2436 303 2499 V.
320 2435 371 2500 Ti.
394 2436 615 2501 oeconomiam
636 2436 776 2522 respicit.
819 2437 871 2502 Ita
892 2460 957 2505 vox
978 2436 1077 2515 ἐλπίς
1097 2441 1291 2529 accipienda

190 2561 243 2617 est
260 2550 355 2616 Rom.
387 2557 433 2635 12,
452 2558 509 2635 12,
533 2555 579 2634 15,
595 2559 625 2618 4.
649 2558 706 2637 133
736 2553 755 2618 Ι
776 2551 852 2619 Cor.
879 2559 995 2640 13,13;
1023 2555 1107 2644 Eph.
1133 2562 1235 2641 1,18;
1258 2565 1291 2641 4,

189 2667 329 2746 43001.
362 2674 524 2754 1,5.23;
555 2670 1291 2758 Hebr.3,6;6,11.18;7‚19;10,23;·I

188 2784 277 2852 Petr.
305 2788 410 2870 3,15.
460 2787 628 2853 Interdum
664 2789 761 2853 etiam
789 2789 961 2854 coniuncta
989 2791 1195 2876 reperiuntur
1221 2791 1300 2858 duo·

187 2902 313 2968 obiecta
339 2893 493 2990 primaria
515 2905 584 2992 spei
612 2905 821 2989 christianae,
845 2902 992 2993 σωτηρία
1013 2908 1097 2990 scii,
1129 2918 1290 2995 quaeest

186 3021 389 3108 negativum,
417 3032 450 3088 et
475 3011 568 3107 δόξα,
596 3023 781 3109 positivum.
831 3024 883 3088 Ita
911 3024 947 3089 II
974 3023 1058 3088 Tim.
1089 3029 1173 3107 2,10
1194 3025 1288 3090 notio

186 3135 350 3224 σωτηρίας
376 3139 469 3226 quasi
499 3150 592 3204 aucta
622 3148 654 3204 et
683 3139 878 3235 amplificata
905 3149 953 3204 est
975 3141 1099 3206 adiecto
1121 3143 1286 3210 vocabulo

186 3243 272 3336 δόξα
298 3252 459 3342 (σωτηρία
486 3249 506 3343 ἦ
532 3251 566 3343 ἐν
592 3260 658 3343 Χρ.
680 3245 789 3340 Ἰησοῦ
811 3251 895 3335 aar&
927 3247 1029 3342 δόξης
1057 3253 1221 3338 αἰωνίου),
1251 3269 1288 3327 et

185 3369 269 3437 Phil.
291 3377 320 3453 3,
336 3378 385 3436 20.
408 3377 445 3435 21
471 3371 617 3446 Christus
639 3383 775 3438 vocatur
796 3361 917 3459 σωτήρ,
944 3397 1040 3462 quem
1063 3384 1284 3462 expectemus,

184 3495 222 3551 ut
262 3489 390 3575 corpori
424 3499 534 3554 nostre
569 3489 733 3577 impertiat
765 3491 902 3575 gloriam
937 3492 1082 3578 corporis
1118 3491 1188 3575 sui,
1220 3493 1282 3559 cfr.

184 3600 287 3667 Hebr.
316 3609 409 3687 2,10,
431 3604 487 3671 ubi
509 3602 672 3689 Christus,
698 3595 838 3698 οξρχηηδς
858 3606 1034 3694 σωτηρίας,
1056 3609 1175 3674 multos
1195 3607 1282 3676 filios

184 3718 300 3785 dicitur
322 3722 438 3790 ducere
459 3719 508 3798 εἰς
525 3711 641 3819 δόξαν.

266 3836 422 3905 Similiter
456 3841 540 3927 Eph.
582 3846 662 3918 1,18
698 3833 786 3920 δόξα
817 3842 988 3908 coniuncta
1017 3851 1065 3908 est
1094 3864 1167 3907 eum
1195 3864 1279 3911 voce
1359 3855 1364 3864 '

181 3928 444 4042 κληρονομίαΙ
467 3952 532 4030 (εἰς
557 3949 575 4019 ὁ
601 3955 746 4031 πλοῦτος
773 3957 830 4043 τῆς
857 3950 957 4044 δόξης
982 3961 1040 4047 τῆς
1061 3957 1279 4045 κληρονομίας

182 4059 288 4153 αὐτοῦ
314 4069 347 4135 ἐν
376 4074 447 4146 τοῖς
468 4067 601 4156 δηίοις),
632 4095 714 4160 quae
737 4073 808 4161 ipsa
828 4075 990 4141 interdum
1012 4077 1173 4164 significat
1194 4100 1278 4144 sum-

120 4277 123 4285 1
181 4209 266 4253 mam
301 4209 409 4253 rerum
444 4173 635 4256 Christianis
672 4193 914 4279 sperandarum.
964 4194 1058 4263 Licet
1091 4195 1178 4260 enim
1204 4195 1277 4282 ipsa

180 4302 301 4401 locutio
329 4297 472 4390 ἠδλιιὶς
491 4307 549 4394 τῆς
569 4305 782 4398 κληρονομίας
801 4334 867 4377 non
887 4312 1083 4398 reperiatur,
1109 4313 1276 4378 nonnullis
