2782 4724
727 300 768 362 86

198 510 322 573 rsa-24
335 491 669 593 τπροσερχοίμοθα.
691 553 698 568 .
715 553 723 568 .
741 553 749 570 .
765 501 799 568 ἐν
819 498 1046 590 πληροφορίᾳ.
1058 497 1224 578 πίστεως.
1241 552 1248 566 .
1267 549 1298 567 ..

197 619 384 703 cortinorum
411 612 470 709 τήν
494 615 670 705 ὁμολογίαν
697 600 757 706 σῆς
783 604 923 694 ἐλπίδος
950 607 1065 706 οἷκλινῆ
1090 665 1222 685 .....
1244 616 1301 685 καί

198 738 406 820 κατανοῶμεν
426 727 599 824 ὀἷλλὴλους
630 733 680 814 εἷς
711 730 924 824 παροξυσμὸν
950 724 1083 824 ἀγάπης
1111 735 1166 803 καί
1191 734 1301 802 καλῶν

196 851 312 943 ίργων;
341 865 375 922 et
395 877 467 943 cap.
489 860 519 938 6,
536 858 674 938 10-12,
707 854 762 920 ubi
784 876 896 920 rursus
918 832 1048 942 οἷγοίπην
1067 854 1240 921 comitatur
1259 876 1298 920 ro
1369 862 1374 871 ’

131 992 135 1005 ·
198 968 293 1063 ἔργον
315 973 359 1060 ¹),
393 968 610 1059 πληροφορίο
643 993 721 1038 vero
748 971 903 1037 tribuitur
929 971 999 1059 spei
1026 980 1060 1037 et
1085 967 1201 1047 πίστις
1223 993 1299 1038 con·

161 1104 165 1126 '
197 1092 345 1179 iungitur
366 1112 439 1155 cum
453 1089 682 1176 μακροθυμίᾳ,
698 1089 791 1179 'quod
812 1087 1006 1156 vocabulum
1026 1087 1174 1176 inprimis
1189 1089 1223 1154 in
1237 1089 1299 1154 hac

198 1204 336 1298 epistola
356 1206 453 1273 simili
475 1229 571 1272 sensu
591 1215 775 1294 usurpatur,
798 1227 862 1294 quo
884 1203 999 1280 πίστις
1018 1186 1073 1271 vel
1093 1199 1253 1290 ὐπομονὴ.

284 1324 439 1394 Ceterum
459 1324 557 1390 otiam
577 1310 726 1390 versibus
748 1329 788 1388 20
810 1331 843 1388 et
864 1328 901 1388 21
932 1322 1089 1410 epistolae
1107 1323 1226 1405 ludos,
1261 1308 1299 1388 re

199 1445 271 1534 ipsa
292 1442 420 1524 saltem,
448 1441 512 1531 etsi
533 1440 701 1507 deficiente
732 1439 863 1506 nomine
883 1435 994 1522 ἐλπίς,
1026 1439 1132 1505 inesse
1159 1438 1299 1505 triadem

200 1562 290 1629 illam
309 1558 469 1625 ¹virtutum
488 1557 577 1623 vitae
596 1556 799 1641 christianae,
820 1557 904 1623 bene
925 1555 990 1622 iam
1010 1556 1135 1621 monuit
1148 1555 1299 1644 Bange-

202 1675 302 1760 lius,
333 1674 433 1741 simul·
452 1672 643 1757 ostendens,
675 1673 821 1761 singulas
849 1672 946 1739 etiarn
966 1694 1123 1761 personas
1143 1666 1300 1741 trinitatis

76 1844 81 1853 .
198 1793 231 1860 h.
258 1792 279 1858 l.
314 1791 568 1861 commemorari.
620 1789 779 1856 Videmus
813 1798 936 1879 quanta
969 1799 1002 1856 et
1034 1780 1130 1878 duam
1162 1788 1300 1857 mirifica

198 1909 394 1976 necessitate
422 1917 489 1974 tres
509 1907 590 1973 illae
617 1906 757 1987 virtutes
784 1907 870 1972 inter
899 1928 933 1972 se
958 1904 1166 1990 cohaereant,
1193 1907 1239 1972 ita
1260 1916 1300 1972 ut

199 2048 330 2114 semper
351 2049 386 2092 se
409 2023 548 2091 invicem
569 2024 663 2113 quasi
683 2031 834 2111 poseant,
864 2045 972 2110 neque
1000 2022 1093 2088 facile
1118 2022 1228 2110 aliqua
1253 2046 1300 2090 ex

198 2142 245 2210 eis
267 2143 382 2210 deesse
402 2141 523 2231 possit,
544 2141 731 2228 ubicunque
760 2140 858 2227 plena
887 2139 977 2206 notio
1007 2162 1046 2205 ac
1066 2161 1189 2205 summa
1209 2140 1300 2261 ritae

196 2261 251 2328 tel
272 2259 437 2327 doctrinae
458 2258 669 2346 evangelicae
691 2256 885 2345 exponenda
907 2266 966 2323 est.

279 2375 390 2457 Quare
410 2400 452 2443 ne
473 2378 498 2445 J
505 2376 685 2442 ohannes
707 2375 847 2463 quidem,
869 2373 1012 2440 caritatis
1033 2329 1211 2461 apostolus,
1234 2375 1297 2442 etsi

195 2501 401 2583 praesentem
420 2493 561 2559 maxime
581 2493 670 2558 vitae
691 2492 884 2558 christianae
906 2501 1024 2558 statum
1045 2492 1297 2581 proximumque

197 2611 266 2678 eius
287 2609 470 2698 problema,
497 2609 532 2674 in
552 2610 651 2697 plena
670 2610 734 2676 fide
755 2632 945 2699 summoque
967 2632 1047 2696 erga
1067 2609 1176 2675 Deum
1195 2609 1297 2675 homi-

195 2710 319 2814 nesque
346 2746 455 2791 amore
484 2725 679 2809 consistens,
711 2724 865 2813 respiciat
880 2727 926 2812 ί),
957 2748 1084 2792 omnem
1114 2726 1185 2814 spei
1211 2749 1296 2802 com·

195 2842 459 2910 memorationem
488 2843 592 2909 vitare
623 2841 739 2932 potuit.
783 2841 942 2922 Quamvis
970 2843 1056 2908 enim
1076 2843 1145 2910 vita
1164 2843 1296 2910 citerior

199 2969 232 3027 at
253 2960 395 3037 ulterior
408 2960 614 3049 pneumatice
637 2960 711 3026 huic
732 2961 878 3048 apostolo
900 2960 993 3048 quasi
1013 2959 1048 3028 iu
1061 2983 1162 3027 uuum
1176 2961 1297 3027 coales-

265 3295 286 3362 ι)
305 3291 332 3345 lu
349 3295 423 3348 simili
441 3295 499 3349 loco
517 3293 528 3346 l
546 3294 631 3348 Thess.
645 3293 698 3358 ts
715 3297 838 3364 reperitur
855 3295 949 3349 locutio
966 3293 1016 3353 roi
1032 3293 1140 3353 uinco
1157 3299 1205 3376 τῆς
1222 3293 1294 3375 ἀγά-

193 3404 259 3468 σγςς
276 3397 352 3467 ἔργον
369 3398 453 3442 autem
473 3389 515 3442 hie
531 3390 649 3443 tribuitur
665 3390 698 3470 τῇ
714 3396 811 3446 πίστει.

265 3509 286 3579 ¹)
305 3507 359 3560 lloc
374 3507 458 3561 autam
475 3509 517 3570 u,
544 3518 572 3562 ut
590 3512 615 3562 iu
632 3510 782 3580 evaugelio,
809 3513 845 3564 ita
868 3513 893 3563 iu
909 3511 990 3580 prima
1008 3512 1115 3581 epistola
1131 3513 1194 3566 eins
1230 3512 1293 3566 liam

192 3588 239 3657 etri
263 3600 436 3670 Apocalypsin
462 3618 563 3672 quoquc
594 3604 627 3656 ab
658 3604 749 3657 codem
777 3606 892 3673 apostolo
916 3606 1056 3659 conlectam
1079 3623 1135 3660 esse
1158 3606 1293 3669 credimus,

191 3705 275 3748 umen
297 3696 363 3748 iuter
379 3711 498 3747 summam
522 3695 650 3749 doctrinae
673 3698 845 3766 evangelistas
862 3714 882 3751 s.
901 3699 1014 3752 caritatis
1031 3699 1138 3768 apostoli
1156 3699 1292 3769 proprium,

194 3798 220 3844 et
245 3788 358 3841 visiones
387 3786 419 3842 ds
449 3788 576 3844 ecclesiae
603 3792 670 3844 exitu
700 3789 840 3858 prophetas
867 3791 991 3845 revelatas
1014 3792 1214 3860 distinguendum
1235 3809 1293 3846 esse

178 3888 313 3937 'tenemus
349 3878 402 3934 cfr.
427 3881 553 3946 Luchs,
572 3881 637 3936 Εἰσί.
657 3887 683 3936 iu
701 3884 725 3936 d.
744 3881 840 3937 ouans.
860 3883 930 3937 Johs.
954 3885 995 3938 ad.
1015 3882 1047 3949 ll,
1065 3903 1124 3956 pag.
1143 3885 1194 3940 709
1211 3903 1294 3954 aquo„

123 4009 127 4015 ι
195 3977 308 4046 &primis
326 3993 384 4045 pag.
402 3975 462 4040 719,
486 3977 528 4029 obi
546 3977 679 4029 discrimen
698 3978 763 4030 inter
780 3977 919 4031 doctrinam
938 3979 1150 4055 eschatologicam
1167 3979 1296 4050 evangelii

129 4114 136 4127 ,
194 4080 222 4125 et
238 4070 398 4138 apocalypsis
415 4071 453 4124 his
470 4071 558 4125 verbis
577 4070 742 4124 describitur.
762 4070 824 4133 „itte
841 4074 1049 4142 apokalyptische
1066 4073 1295 4145 (csohstologischs

194 4164 504 4234 vorstelluugsvreise)1st
520 4165 563 4218 dis
579 4164 779 4234 ausgsitthrtsra
798 4166 839 4220 dia
856 4169 901 4221 clas
918 4167 1097 4238 Evougeiiat'au
1114 4169 1156 4222 dis
1171 4169 1295 4289 inuadich

192 4255 377 4330 gshildsteiat
