<?xml version="1.0" encoding="UTF-8"?>
<!DOCTYPE html PUBLIC "-//W3C//DTD XHTML 1.0 Transitional//EN"
    "http://www.w3.org/TR/xhtml1/DTD/xhtml1-transitional.dtd">
<html xmlns="http://www.w3.org/1999/xhtml" xml:lang="en" lang="en">
 <head>
  <title>
</title>
<meta http-equiv="Content-Type" content="text/html;charset=utf-8" />
  <meta name='ocr-system' content='tesseract 3.04.00' />
  <meta name='ocr-capabilities' content='ocr_page ocr_carea ocr_par ocr_line ocrx_word'/>
</head>
<body>
  <div class='ocr_page' id='page_1' title='image "./deviacnotionevo00zcgoog_0040.png"; bbox 0 0 2782 4724; ppageno 0'>
   <div class='ocr_carea' id='block_1_1' title="bbox 442 286 726 387">
    <p class='ocr_par' dir='ltr' id='par_1_1' title="bbox 442 286 726 387">
     <span class='ocr_line' id='line_1_1' title="bbox 442 286 726 387; baseline 0.007 -88"><span class='ocrx_word' id='word_1_1' title='bbox 442 286 726 387; x_wconf 51' lang='lat' dir='ltr'><strong>..W</strong></span> 
     </span>
    </p>
   </div>
   <div class='ocr_carea' id='block_1_2' title="bbox 144 504 1245 2037">
    <p class='ocr_par' dir='ltr' id='par_1_2' title="bbox 144 504 1245 850">
     <span class='ocr_line' id='line_1_2' title="bbox 144 504 1244 622; baseline 0.003 -24"><span class='ocrx_word' id='word_1_2' title='bbox 144 555 211 622; x_wconf 88' lang='lat' dir='ltr'><strong>quo</strong></span> <span class='ocrx_word' id='word_1_3' title='bbox 234 531 364 619; x_wconf 78' lang='lat' dir='ltr'><strong>singulo</strong></span> <span class='ocrx_word' id='word_1_4' title='bbox 386 553 483 596; x_wconf 85' lang='lat' dir='ltr'><strong>vorsu</strong></span> <span class='ocrx_word' id='word_1_5' title='bbox 504 525 601 605; x_wconf 73' lang='grc' dir='ltr'><strong><em>ἐλπίς</em></strong></span> <span class='ocrx_word' id='word_1_6' title='bbox 622 528 783 616; x_wconf 76' lang='lat' dir='ltr'><strong>duplicem</strong></span> <span class='ocrx_word' id='word_1_7' title='bbox 804 553 934 598; x_wconf 86' lang='lat' dir='ltr'><strong>sensum</strong></span> <span class='ocrx_word' id='word_1_8' title='bbox 948 504 1082 616; x_wconf 87' lang='lat' dir='ltr'><strong>obtinet,</strong></span> <span class='ocrx_word' id='word_1_9' title='bbox 1103 532 1244 620; x_wconf 86' lang='lat' dir='ltr'><strong>primum</strong></span> 
     </span>
     <span class='ocr_line' id='line_1_3' title="bbox 145 638 1245 738; baseline 0.003 -24"><span class='ocrx_word' id='word_1_10' title='bbox 145 647 201 738; x_wconf 77' lang='grc' dir='ltr'><strong>(τῇ</strong></span> <span class='ocrx_word' id='word_1_11' title='bbox 228 643 293 735; x_wconf 72' lang='grc' dir='ltr'><strong>γὰρ</strong></span> <span class='ocrx_word' id='word_1_12' title='bbox 323 642 436 714; x_wconf 67' lang='grc' dir='ltr'><strong>ἐλπίδι</strong></span> <span class='ocrx_word' id='word_1_13' title='bbox 462 638 652 733; x_wconf 62' lang='grc' dir='ltr'>ἐσώθημεν)</span> <span class='ocrx_word' id='word_1_14' title='bbox 676 647 904 730; x_wconf 75' lang='lat' dir='ltr'><strong>subiectiaum,</strong></span> <span class='ocrx_word' id='word_1_15' title='bbox 935 647 1051 716; x_wconf 84' lang='lat' dir='ltr'><strong>deinde</strong></span> <span class='ocrx_word' id='word_1_16' title='bbox 1073 646 1194 737; x_wconf 76' lang='grc' dir='ltr'>(ἐλπὶς</span> <span class='ocrx_word' id='word_1_17' title='bbox 1206 648 1245 717; x_wconf 79' lang='lat' dir='ltr'><strong>dl</strong></span> 
     </span>
     <span class='ocr_line' id='line_1_4' title="bbox 146 757 888 850; baseline -0.004 -18"><span class='ocrx_word' id='word_1_18' title='bbox 146 763 336 850; x_wconf 72' lang='grc' dir='ltr'><strong><em>βλεπομένη</em></strong></span> <span class='ocrx_word' id='word_1_19' title='bbox 357 785 420 830; x_wconf 81' lang='grc' dir='ltr'><strong>ουκ</strong></span> <span class='ocrx_word' id='word_1_20' title='bbox 440 757 529 830; x_wconf 76' lang='grc' dir='ltr'>ἔστιν</span> <span class='ocrx_word' id='word_1_21' title='bbox 548 761 660 850; x_wconf 70' lang='grc' dir='ltr'><strong><em>ἐλπίς)</em></strong></span> <span class='ocrx_word' id='word_1_22' title='bbox 683 763 888 830; x_wconf 88' lang='lat' dir='ltr'><strong>obiectivum.</strong></span> 
     </span>
    </p>

    <p class='ocr_par' dir='ltr' id='par_1_3' title="bbox 144 835 1245 2037">
     <span class='ocr_line' id='line_1_5' title="bbox 216 835 1245 970; baseline 0 -20"><span class='ocrx_word' id='word_1_23' title='bbox 216 882 355 951; x_wconf 86' lang='lat' dir='ltr'><strong>Contra</strong></span> <span class='ocrx_word' id='word_1_24' title='bbox 382 880 468 968; x_wconf 82' lang='lat' dir='ltr'><strong>Eph.</strong></span> <span class='ocrx_word' id='word_1_25' title='bbox 493 887 520 965; x_wconf 95' lang='lat' dir='ltr'><strong>l,</strong></span> <span class='ocrx_word' id='word_1_26' title='bbox 545 886 598 965; x_wconf 88' lang='lat'><strong>18,</strong></span> <span class='ocrx_word' id='word_1_27' title='bbox 630 881 773 970; x_wconf 82' lang='lat' dir='ltr'><strong>itumque</strong></span> <span class='ocrx_word' id='word_1_28' title='bbox 793 880 811 946; x_wconf 96' lang='lat' dir='ltr'>I</span> <span class='ocrx_word' id='word_1_29' title='bbox 832 881 919 947; x_wconf 88' lang='lat' dir='ltr'><strong>Petr.</strong></span> <span class='ocrx_word' id='word_1_30' title='bbox 943 885 971 963; x_wconf 88' lang='lat' dir='ltr'><strong>l,</strong></span> <span class='ocrx_word' id='word_1_31' title='bbox 986 886 1005 946; x_wconf 89' lang='lat'><strong>3</strong></span> <span class='ocrx_word' id='word_1_32' title='bbox 1032 835 1119 949; x_wconf 87' lang='lat' dir='ltr'><strong>solus</strong></span> <span class='ocrx_word' id='word_1_33' title='bbox 1141 885 1245 950; x_wconf 71' lang='lat' dir='ltr'><strong>subio</strong></span> 
     </span>
     <span class='ocr_line' id='line_1_6' title="bbox 145 967 1240 1081; baseline 0.001 -15"><span class='ocrx_word' id='word_1_34' title='bbox 145 967 252 1066; x_wconf 79' lang='lat' dir='ltr'><strong>ctivus</strong></span> <span class='ocrx_word' id='word_1_35' title='bbox 273 1022 388 1066; x_wconf 83' lang='lat' dir='ltr'><strong>sensus</strong></span> <span class='ocrx_word' id='word_1_36' title='bbox 408 1000 516 1065; x_wconf 92' lang='lat' dir='ltr'><strong>locum</strong></span> <span class='ocrx_word' id='word_1_37' title='bbox 536 998 650 1081; x_wconf 87' lang='lat' dir='ltr'><strong>habet,</strong></span> <span class='ocrx_word' id='word_1_38' title='bbox 684 1007 722 1063; x_wconf 90' lang='lat' dir='ltr'><strong>ut</strong></span> <span class='ocrx_word' id='word_1_39' title='bbox 741 1021 827 1064; x_wconf 89' lang='lat' dir='ltr'><strong>nunc</strong></span> <span class='ocrx_word' id='word_1_40' title='bbox 847 998 912 1063; x_wconf 94' lang='lat' dir='ltr'><strong>iam</strong></span> <span class='ocrx_word' id='word_1_41' title='bbox 931 1021 996 1063; x_wconf 90' lang='lat' dir='ltr'><strong>uno</strong></span> <span class='ocrx_word' id='word_1_42' title='bbox 1018 1021 1178 1066; x_wconf 82' lang='lat' dir='ltr'><strong>consensu</strong></span> <span class='ocrx_word' id='word_1_43' title='bbox 1198 1002 1240 1067; x_wconf 91' lang='lat' dir='ltr'><strong>ab</strong></span> 
     </span>
     <span class='ocr_line' id='line_1_7' title="bbox 145 1115 1244 1204; baseline -0.001 -20"><span class='ocrx_word' id='word_1_44' title='bbox 145 1117 300 1184; x_wconf 90' lang='lat' dir='ltr'><strong>omnibus</strong></span> <span class='ocrx_word' id='word_1_45' title='bbox 328 1116 560 1204; x_wconf 81' lang='lat' dir='ltr'><strong>interpretibus</strong></span> <span class='ocrx_word' id='word_1_46' title='bbox 586 1116 784 1203; x_wconf 68' lang='lat' dir='ltr'><strong>conceditur,</strong></span> <span class='ocrx_word' id='word_1_47' title='bbox 826 1115 869 1183; x_wconf 90' lang='lat' dir='ltr'><strong>V.</strong></span> <span class='ocrx_word' id='word_1_48' title='bbox 891 1116 977 1202; x_wconf 91' lang='lat' dir='ltr'><strong>inpr.</strong></span> <span class='ocrx_word' id='word_1_49' title='bbox 1018 1115 1079 1183; x_wconf 87' lang='lat' dir='ltr'><strong>De</strong></span> <span class='ocrx_word' id='word_1_50' title='bbox 1107 1116 1244 1184; x_wconf 88' lang='lat' dir='ltr'><strong>Wctte</strong></span> 
     </span>
     <span class='ocr_line' id='line_1_8' title="bbox 146 1230 1245 1320; baseline 0 -20"><span class='ocrx_word' id='word_1_51' title='bbox 146 1243 182 1301; x_wconf 84' lang='lat' dir='ltr'><strong>et</strong></span> <span class='ocrx_word' id='word_1_52' title='bbox 209 1233 313 1320; x_wconf 82' lang='lat' dir='ltr'><strong>May.</strong></span> <span class='ocrx_word' id='word_1_53' title='bbox 334 1232 426 1317; x_wconf 87' lang='lat' dir='ltr'><strong>(edit.</strong></span> <span class='ocrx_word' id='word_1_54' title='bbox 449 1231 519 1317; x_wconf 81' lang='lat' dir='ltr'><strong>alt.)</strong></span> <span class='ocrx_word' id='word_1_55' title='bbox 549 1232 590 1298; x_wconf 88' lang='lat' dir='ltr'><strong>ad</strong></span> <span class='ocrx_word' id='word_1_56' title='bbox 614 1231 673 1298; x_wconf 92' lang='lat' dir='ltr'><strong>hos</strong></span> <span class='ocrx_word' id='word_1_57' title='bbox 701 1232 800 1301; x_wconf 90' lang='lat' dir='ltr'><strong>locos.</strong></span> <span class='ocrx_word' id='word_1_58' title='bbox 842 1230 996 1299; x_wconf 84' lang='lat' dir='ltr'><strong>Ceterum</strong></span> <span class='ocrx_word' id='word_1_59' title='bbox 1026 1233 1124 1300; x_wconf 86' lang='lat' dir='ltr'><strong>etiam</strong></span> <span class='ocrx_word' id='word_1_60' title='bbox 1145 1235 1245 1300; x_wconf 87' lang='lat' dir='ltr'><strong>ceteri</strong></span> 
     </span>
     <span class='ocr_line' id='line_1_9' title="bbox 150 1345 1243 1439; baseline 0.001 -24"><span class='ocrx_word' id='word_1_61' title='bbox 150 1350 308 1416; x_wconf 88' lang='lat' dir='ltr'><strong>sermonis</strong></span> <span class='ocrx_word' id='word_1_62' title='bbox 332 1349 443 1439; x_wconf 55' lang='lat' dir='ltr'><strong>pasci</strong></span> <span class='ocrx_word' id='word_1_63' title='bbox 464 1358 611 1415; x_wconf 79' lang='lat' dir='ltr'><strong>auctores</strong></span> <span class='ocrx_word' id='word_1_64' title='bbox 633 1350 826 1416; x_wconf 80' lang='lat' dir='ltr'><strong>vocabulum</strong></span> <span class='ocrx_word' id='word_1_65' title='bbox 844 1345 944 1425; x_wconf 74' lang='grc' dir='ltr'><strong><em>ἐλπίς</em></strong></span> <span class='ocrx_word' id='word_1_66' title='bbox 965 1351 1125 1417; x_wconf 87' lang='lat' dir='ltr'><strong>obiectivo</strong></span> <span class='ocrx_word' id='word_1_67' title='bbox 1147 1373 1243 1417; x_wconf 87' lang='lat' dir='ltr'><strong>sensu</strong></span> 
     </span>
     <span class='ocr_line' id='line_1_10' title="bbox 150 1468 1245 1556; baseline 0.002 -23"><span class='ocrx_word' id='word_1_68' title='bbox 150 1477 365 1556; x_wconf 80' lang='lat' dir='ltr'><strong>usurparunt3</strong></span> <span class='ocrx_word' id='word_1_69' title='bbox 397 1491 429 1533; x_wconf 89' lang='lat' dir='ltr'><strong>v.</strong></span> <span class='ocrx_word' id='word_1_70' title='bbox 452 1468 693 1538; x_wconf 75' lang='lat' dir='ltr'><strong>adnotationem</strong></span> <span class='ocrx_word' id='word_1_71' title='bbox 720 1490 813 1554; x_wconf 86' lang='lat' dir='ltr'><strong>prox.</strong></span> <span class='ocrx_word' id='word_1_72' title='bbox 836 1468 1080 1534; x_wconf 84' lang='lat' dir='ltr'><strong>antecedentem</strong></span> <span class='ocrx_word' id='word_1_73' title='bbox 1101 1477 1133 1534; x_wconf 88' lang='lat' dir='ltr'><strong>ot</strong></span> <span class='ocrx_word' id='word_1_74' title='bbox 1154 1489 1245 1555; x_wconf 81' lang='lat' dir='ltr'><strong>praa·</strong></span> 
     </span>
     <span class='ocr_line' id='line_1_11' title="bbox 147 1583 1243 1672; baseline 0 -22"><span class='ocrx_word' id='word_1_75' title='bbox 147 1594 240 1651; x_wconf 87' lang='lat' dir='ltr'><strong>terea</strong></span> <span class='ocrx_word' id='word_1_76' title='bbox 266 1583 413 1672; x_wconf 84' lang='lat' dir='ltr'><strong>Thucyd.</strong></span> <span class='ocrx_word' id='word_1_77' title='bbox 440 1584 503 1668; x_wconf 91' lang='lat' dir='ltr'><strong>HI,</strong></span> <span class='ocrx_word' id='word_1_78' title='bbox 536 1590 592 1667; x_wconf 80' lang='lat'><strong>573</strong></span> <span class='ocrx_word' id='word_1_79' title='bbox 636 1585 751 1671; x_wconf 87' lang='lat' dir='ltr'><strong>Polyb.</strong></span> <span class='ocrx_word' id='word_1_80' title='bbox 779 1584 880 1667; x_wconf 88' lang='lat' dir='ltr'>VIII,</span> <span class='ocrx_word' id='word_1_81' title='bbox 912 1591 962 1652; x_wconf 83' lang='lat'><strong>26.</strong></span> <span class='ocrx_word' id='word_1_82' title='bbox 995 1586 1036 1669; x_wconf 88' lang='lat' dir='ltr'><strong>b;</strong></span> <span class='ocrx_word' id='word_1_83' title='bbox 1074 1585 1110 1651; x_wconf 89' lang='grc' dir='ltr'>Π</span> <span class='ocrx_word' id='word_1_84' title='bbox 1140 1584 1243 1651; x_wconf 85' lang='lat' dir='ltr'><strong>Mace.</strong></span> 
     </span>
     <span class='ocr_line' id='line_1_12' title="bbox 147 1690 1244 1805; baseline -0.003 -37"><span class='ocrx_word' id='word_1_85' title='bbox 147 1700 379 1785; x_wconf 75' lang='lat' dir='ltr'><strong>7,14.&#39;-1ta</strong></span> <span class='ocrx_word' id='word_1_86' title='bbox 406 1701 495 1768; x_wconf 78' lang='lat' dir='ltr'><strong>hebr.</strong></span> <span class='ocrx_word' id='word_1_87' title='bbox 525 1711 606 1804; x_wconf 50' lang='grc' dir='ltr'><strong>ἥιρει</strong></span> <span class='ocrx_word' id='word_1_88' title='bbox 641 1701 716 1770; x_wconf 88' lang='lat' dir='ltr'><strong>Job.</strong></span> <span class='ocrx_word' id='word_1_89' title='bbox 741 1707 770 1778; x_wconf 88' lang='lat'><strong>6,</strong></span> <span class='ocrx_word' id='word_1_90' title='bbox 790 1706 809 1764; x_wconf 80' lang='lat' dir='ltr'><strong>a</strong></span> <span class='ocrx_word' id='word_1_91' title='bbox 832 1725 839 1764; x_wconf 90' lang='lat'><strong>:</strong></span> <span class='ocrx_word' id='word_1_92' title='bbox 861 1690 940 1796; x_wconf 60' lang='lat' dir='ltr'><strong>abrs</strong></span> <span class='ocrx_word' id='word_1_93' title='bbox 963 1715 1007 1802; x_wconf 66' lang='lat' dir='ltr'><strong>pp?</strong></span> <span class='ocrx_word' id='word_1_94' title='bbox 1032 1705 1154 1805; x_wconf 59' lang='lat' dir='ltr'><strong>toppo),</strong></span> <span class='ocrx_word' id='word_1_95' title='bbox 1189 1702 1244 1768; x_wconf 76' lang='grc' dir='ltr'><strong>καὶ</strong></span> 
     </span>
     <span class='ocr_line' id='line_1_13' title="bbox 144 1810 1244 1908; baseline -0.002 -24"><span class='ocrx_word' id='word_1_96' title='bbox 144 1815 205 1908; x_wconf 73' lang='grc' dir='ltr'><strong>τὴν</strong></span> <span class='ocrx_word' id='word_1_97' title='bbox 224 1815 350 1885; x_wconf 69' lang='grc' dir='ltr'><strong><em>ἐλπίδα</em></strong></span> <span class='ocrx_word' id='word_1_98' title='bbox 380 1838 446 1897; x_wconf 87' lang='grc' dir='ltr'><strong>μου</strong></span> <span class='ocrx_word' id='word_1_99' title='bbox 466 1813 541 1904; x_wconf 75' lang='lat' dir='ltr'><strong>dqr&#39;rp</strong></span> <span class='ocrx_word' id='word_1_100' title='bbox 561 1812 581 1883; x_wconf 83' lang='lat' dir='ltr'><strong>d</strong></span> <span class='ocrx_word' id='word_1_101' title='bbox 603 1810 688 1894; x_wconf 68' lang='grc' dir='ltr'><strong>θεός</strong></span> <span class='ocrx_word' id='word_1_102' title='bbox 708 1818 850 1904; x_wconf 84' lang='lat' dir='ltr'>(LXX);</span> <span class='ocrx_word' id='word_1_103' title='bbox 883 1818 939 1884; x_wconf 85' lang='lat' dir='ltr'><strong>cfr.</strong></span> <span class='ocrx_word' id='word_1_104' title='bbox 961 1820 1029 1888; x_wconf 81' lang='lat' dir='ltr'><strong>Iob</strong></span> <span class='ocrx_word' id='word_1_105' title='bbox 1053 1822 1100 1903; x_wconf 85' lang='lat'><strong>17,</strong></span> <span class='ocrx_word' id='word_1_106' title='bbox 1118 1822 1166 1901; x_wconf 78' lang='lat'><strong>15,</strong></span> <span class='ocrx_word' id='word_1_107' title='bbox 1187 1819 1244 1884; x_wconf 94' lang='lat' dir='ltr'><strong>ubi</strong></span> 
     </span>
     <span class='ocr_line' id='line_1_14' title="bbox 146 1934 1185 2037; baseline -0.003 -34"><span class='ocrx_word' id='word_1_108' title='bbox 146 1935 287 2003; x_wconf 77' lang='lat' dir='ltr'><strong>alterum</strong></span> <span class='ocrx_word' id='word_1_109' title='bbox 309 1947 390 2037; x_wconf 52' lang='grc' dir='ltr'><strong>,ψει</strong></span> <span class='ocrx_word' id='word_1_110' title='bbox 413 1936 525 2001; x_wconf 81' lang='lat' dir='ltr'><strong>eodem</strong></span> <span class='ocrx_word' id='word_1_111' title='bbox 546 1935 683 2002; x_wconf 86' lang='lat' dir='ltr'><strong>fortasse</strong></span> <span class='ocrx_word' id='word_1_112' title='bbox 705 1958 803 2002; x_wconf 87' lang='lat' dir='ltr'><strong>sensu</strong></span> <span class='ocrx_word' id='word_1_113' title='bbox 826 1934 1048 2022; x_wconf 88' lang='lat' dir='ltr'><strong>accipiendum</strong></span> <span class='ocrx_word' id='word_1_114' title='bbox 1069 1944 1129 2001; x_wconf 86' lang='lat' dir='ltr'><strong>est.</strong></span> <span class='ocrx_word' id='word_1_115' title='bbox 1171 1983 1185 2009; x_wconf 88' lang='lat'><strong>.</strong></span> 
     </span>
    </p>
   </div>
   <div class='ocr_carea' id='block_1_3' title="bbox 216 2199 234 2233">
    <p class='ocr_par' dir='ltr' id='par_1_4' title="bbox 216 2199 234 2233">
     <span class='ocr_line' id='line_1_15' title="bbox 216 2199 234 2233; baseline 0 0"><span class='ocrx_word' id='word_1_116' title='bbox 216 2199 234 2233; x_wconf 60' lang='lat' dir='ltr'>b</span> 
     </span>
    </p>
   </div>
   <div class='ocr_carea' id='block_1_4' title="bbox 593 2256 794 2336">
    <p class='ocr_par' dir='ltr' id='par_1_5' title="bbox 593 2256 794 2336">
     <span class='ocr_line' id='line_1_16' title="bbox 593 2256 794 2336; baseline 0.005 -15"><span class='ocrx_word' id='word_1_117' title='bbox 593 2257 695 2336; x_wconf 79' lang='lat' dir='ltr'><strong>cap.</strong></span> <span class='ocrx_word' id='word_1_118' title='bbox 716 2256 794 2322; x_wconf 80' lang='lat' dir='ltr'><strong>lv.</strong></span> 
     </span>
    </p>
   </div>
   <div class='ocr_carea' id='block_1_5' title="bbox 138 2428 1188 2527">
    <p class='ocr_par' dir='ltr' id='par_1_6' title="bbox 138 2428 1188 2527">
     <span class='ocr_line' id='line_1_17' title="bbox 138 2428 1188 2527; baseline 0.002 -32"><span class='ocrx_word' id='word_1_119' title='bbox 138 2488 172 2527; x_wconf 58' lang='lat'><strong>,</strong></span> <span class='ocrx_word' id='word_1_120' title='bbox 204 2438 256 2496; x_wconf 79' lang='lat' dir='ltr'><strong>De</strong></span> <span class='ocrx_word' id='word_1_121' title='bbox 275 2439 414 2495; x_wconf 79' lang='lat' dir='ltr'><strong>notione</strong></span> <span class='ocrx_word' id='word_1_122' title='bbox 433 2439 592 2507; x_wconf 65' lang='lat' dir='ltr'><strong>relicinae</strong></span> <span class='ocrx_word' id='word_1_123' title='bbox 613 2453 675 2497; x_wconf 89' lang='lat' dir='ltr'><strong>seu</strong></span> <span class='ocrx_word' id='word_1_124' title='bbox 693 2439 885 2507; x_wconf 74' lang='lat' dir='ltr'><strong>theologica</strong></span> <span class='ocrx_word' id='word_1_125' title='bbox 904 2437 1063 2496; x_wconf 76' lang='lat' dir='ltr'><strong>vocabuli</strong></span> <span class='ocrx_word' id='word_1_126' title='bbox 1083 2428 1188 2508; x_wconf 79' lang='grc' dir='ltr'><strong><em>ἐλπίς.</em></strong></span> 
     </span>
    </p>
   </div>
   <div class='ocr_carea' id='block_1_6' title="bbox 273 2632 1125 2740">
    <p class='ocr_par' dir='ltr' id='par_1_7' title="bbox 273 2632 1125 2740">
     <span class='ocr_line' id='line_1_18' title="bbox 273 2632 1125 2740; baseline 0.002 -16"><span class='ocrx_word' id='word_1_127' title='bbox 273 2665 293 2724; x_wconf 93' lang='grc' dir='ltr'><strong>ι.</strong></span> <span class='ocrx_word' id='word_1_128' title='bbox 309 2632 313 2639; x_wconf 76' lang='grc'><strong>’</strong></span> <span class='ocrx_word' id='word_1_129' title='bbox 329 2665 496 2726; x_wconf 75' lang='lat' dir='ltr'><strong>sonuum</strong></span> <span class='ocrx_word' id='word_1_130' title='bbox 514 2674 586 2738; x_wconf 64' lang='lat' dir='ltr'><strong>aaa</strong></span> <span class='ocrx_word' id='word_1_131' title='bbox 603 2665 637 2724; x_wconf 83' lang='lat' dir='ltr'><strong>u</strong></span> <span class='ocrx_word' id='word_1_132' title='bbox 653 2679 703 2739; x_wconf 70' lang='lat' dir='ltr'><strong>spo</strong></span> <span class='ocrx_word' id='word_1_133' title='bbox 721 2665 829 2739; x_wconf 69' lang='lat' dir='ltr'><strong>prorum</strong></span> <span class='ocrx_word' id='word_1_134' title='bbox 845 2665 875 2725; x_wconf 77' lang='lat' dir='ltr'><strong>r.</strong></span> <span class='ocrx_word' id='word_1_135' title='bbox 893 2665 934 2726; x_wconf 83' lang='lat' dir='ltr'><strong>rr.</strong></span> <span class='ocrx_word' id='word_1_136' title='bbox 952 2667 1125 2740; x_wconf 73' lang='lat' dir='ltr'><strong>amam</strong></span> 
     </span>
    </p>
   </div>
   <div class='ocr_carea' id='block_1_7' title="bbox 142 2857 1245 3552">
    <p class='ocr_par' dir='ltr' id='par_1_8' title="bbox 142 2857 1245 3552">
     <span class='ocr_line' id='line_1_19' title="bbox 229 2857 1245 2968; baseline 0.002 -24"><span class='ocrx_word' id='word_1_137' title='bbox 229 2857 381 2964; x_wconf 82' lang='lat' dir='ltr'><strong>Fiducia,</strong></span> <span class='ocrx_word' id='word_1_138' title='bbox 413 2903 511 2968; x_wconf 91' lang='lat' dir='ltr'><strong>qnam</strong></span> <span class='ocrx_word' id='word_1_139' title='bbox 531 2880 671 2946; x_wconf 86' lang='lat' dir='ltr'><strong>foederis</strong></span> <span class='ocrx_word' id='word_1_140' title='bbox 691 2880 828 2946; x_wconf 87' lang='lat' dir='ltr'><strong>Mosaici</strong></span> <span class='ocrx_word' id='word_1_141' title='bbox 849 2879 928 2945; x_wconf 91' lang='lat' dir='ltr'><strong>socii</strong></span> <span class='ocrx_word' id='word_1_142' title='bbox 949 2888 1024 2946; x_wconf 84' lang='lat' dir='ltr'><strong>ante</strong></span> <span class='ocrx_word' id='word_1_143' title='bbox 1046 2877 1169 2946; x_wconf 78' lang='lat' dir='ltr'><strong>Christi</strong></span> <span class='ocrx_word' id='word_1_144' title='bbox 1191 2881 1245 2946; x_wconf 89' lang='lat' dir='ltr'><strong>ad·</strong></span> 
     </span>
     <span class='ocr_line' id='line_1_20' title="bbox 146 2996 1244 3085; baseline -0.002 -23"><span class='ocrx_word' id='word_1_145' title='bbox 146 3006 282 3062; x_wconf 85' lang='lat' dir='ltr'><strong>ventum</strong></span> <span class='ocrx_word' id='word_1_146' title='bbox 302 2999 337 3064; x_wconf 92' lang='lat' dir='ltr'><strong>in</strong></span> <span class='ocrx_word' id='word_1_147' title='bbox 358 2996 624 3084; x_wconf 89' lang='lat' dir='ltr'><strong>promissionibus</strong></span> <span class='ocrx_word' id='word_1_148' title='bbox 645 2997 763 3063; x_wconf 88' lang='lat' dir='ltr'><strong>divinis</strong></span> <span class='ocrx_word' id='word_1_149' title='bbox 786 3006 818 3062; x_wconf 90' lang='lat' dir='ltr'><strong>et</strong></span> <span class='ocrx_word' id='word_1_150' title='bbox 837 2996 1069 3085; x_wconf 86' lang='lat' dir='ltr'><strong>prophatarum</strong></span> <span class='ocrx_word' id='word_1_151' title='bbox 1083 2996 1244 3064; x_wconf 89' lang='lat' dir='ltr'><strong>vaticiniis</strong></span> 
     </span>
     <span class='ocr_line' id='line_1_21' title="bbox 142 3110 1244 3204; baseline -0.004 -23"><span class='ocrx_word' id='word_1_152' title='bbox 142 3113 367 3197; x_wconf 83' lang='lat' dir='ltr'><strong>collocabant,</strong></span> <span class='ocrx_word' id='word_1_153' title='bbox 400 3115 481 3200; x_wconf 84' lang='lat' dir='ltr'><strong>sicut</strong></span> <span class='ocrx_word' id='word_1_154' title='bbox 509 3116 670 3181; x_wconf 88' lang='lat' dir='ltr'><strong>simillima</strong></span> <span class='ocrx_word' id='word_1_155' title='bbox 699 3125 768 3181; x_wconf 86' lang='lat' dir='ltr'><strong>erat</strong></span> <span class='ocrx_word' id='word_1_156' title='bbox 795 3115 864 3204; x_wconf 85' lang='lat' dir='ltr'><strong>spei</strong></span> <span class='ocrx_word' id='word_1_157' title='bbox 886 3113 1143 3181; x_wconf 88' lang='lat' dir='ltr'><strong>Christianorum</strong></span> <span class='ocrx_word' id='word_1_158' title='bbox 1164 3110 1244 3178; x_wconf 90' lang='lat' dir='ltr'><strong>redi·</strong></span> 
     </span>
     <span class='ocr_line' id='line_1_22' title="bbox 147 3228 1244 3321; baseline -0.004 -25"><span class='ocrx_word' id='word_1_159' title='bbox 147 3239 218 3296; x_wconf 85' lang='lat' dir='ltr'><strong>tum</strong></span> <span class='ocrx_word' id='word_1_160' title='bbox 235 3228 359 3298; x_wconf 83' lang='lat' dir='ltr'><strong>Christi</strong></span> <span class='ocrx_word' id='word_1_161' title='bbox 375 3233 581 3321; x_wconf 88' lang='lat' dir='ltr'><strong>omniumque</strong></span> <span class='ocrx_word' id='word_1_162' title='bbox 596 3256 705 3299; x_wconf 88' lang='lat' dir='ltr'><strong>rerum</strong></span> <span class='ocrx_word' id='word_1_163' title='bbox 727 3231 1035 3299; x_wconf 85' lang='lat' dir='ltr'><strong>consummationem</strong></span> <span class='ocrx_word' id='word_1_164' title='bbox 1057 3237 1244 3317; x_wconf 85' lang='lat' dir='ltr'><strong>exspectan·</strong></span> 
     </span>
     <span class='ocr_line' id='line_1_23' title="bbox 142 3345 1244 3435; baseline -0.001 -23"><span class='ocrx_word' id='word_1_165' title='bbox 142 3348 246 3426; x_wconf 76' lang='lat' dir='ltr'><strong>tium,</strong></span> <span class='ocrx_word' id='word_1_166' title='bbox 280 3347 327 3413; x_wconf 89' lang='lat' dir='ltr'><strong>ita</strong></span> <span class='ocrx_word' id='word_1_167' title='bbox 351 3349 500 3435; x_wconf 88' lang='lat' dir='ltr'><strong>pluribus</strong></span> <span class='ocrx_word' id='word_1_168' title='bbox 528 3349 625 3415; x_wconf 86' lang='lat' dir='ltr'><strong>etiam</strong></span> <span class='ocrx_word' id='word_1_169' title='bbox 650 3350 729 3416; x_wconf 91' lang='lat' dir='ltr'><strong>locis</strong></span> <span class='ocrx_word' id='word_1_170' title='bbox 750 3350 793 3415; x_wconf 88' lang='lat' dir='ltr'><strong>N.</strong></span> <span class='ocrx_word' id='word_1_171' title='bbox 817 3348 868 3415; x_wconf 87' lang='lat' dir='ltr'><strong>Ti.</strong></span> <span class='ocrx_word' id='word_1_172' title='bbox 896 3347 1028 3429; x_wconf 89' lang='lat' dir='ltr'><strong>eodem,</strong></span> <span class='ocrx_word' id='word_1_173' title='bbox 1062 3368 1126 3433; x_wconf 93' lang='lat' dir='ltr'><strong>quo</strong></span> <span class='ocrx_word' id='word_1_174' title='bbox 1154 3345 1244 3430; x_wconf 84' lang='lat' dir='ltr'><strong>haec,</strong></span> 
     </span>
     <span class='ocr_line' id='line_1_24' title="bbox 147 3462 1243 3552; baseline 0 -24"><span class='ocrx_word' id='word_1_175' title='bbox 147 3464 278 3530; x_wconf 89' lang='lat' dir='ltr'><strong>nomine</strong></span> <span class='ocrx_word' id='word_1_176' title='bbox 305 3462 403 3540; x_wconf 69' lang='grc' dir='ltr'><strong><em>ἐλπίς</em></strong></span> <span class='ocrx_word' id='word_1_177' title='bbox 437 3466 627 3552; x_wconf 85' lang='lat' dir='ltr'><strong>adpellatur.</strong></span> <span class='ocrx_word' id='word_1_178' title='bbox 678 3466 770 3531; x_wconf 89' lang='lat' dir='ltr'><strong>Haec</strong></span> <span class='ocrx_word' id='word_1_179' title='bbox 799 3475 981 3552; x_wconf 89' lang='lat' dir='ltr'><strong>temporum</strong></span> <span class='ocrx_word' id='word_1_180' title='bbox 1009 3463 1243 3529; x_wconf 86' lang='lat' dir='ltr'><strong>Messianorum</strong></span> 
     </span>
    </p>
   </div>
   <div class='ocr_carea' id='block_1_8' title="bbox 146 3568 1301 4382">
    <p class='ocr_par' dir='ltr' id='par_1_9' title="bbox 146 3568 1301 4382">
     <span class='ocr_line' id='line_1_25' title="bbox 148 3568 1245 3671; baseline -0.001 -25"><span class='ocrx_word' id='word_1_181' title='bbox 148 3582 351 3668; x_wconf 77' lang='lat' dir='ltr'><strong>exspectttio</strong></span> <span class='ocrx_word' id='word_1_182' title='bbox 367 3568 503 3647; x_wconf 84' lang='lat' dir='ltr'><strong>formam</strong></span> <span class='ocrx_word' id='word_1_183' title='bbox 524 3607 560 3649; x_wconf 86' lang='lat' dir='ltr'><strong>ac</strong></span> <span class='ocrx_word' id='word_1_184' title='bbox 582 3583 722 3671; x_wconf 87' lang='lat' dir='ltr'><strong>speciem</strong></span> <span class='ocrx_word' id='word_1_185' title='bbox 744 3581 895 3668; x_wconf 88' lang='lat' dir='ltr'><strong>sperandi</strong></span> <span class='ocrx_word' id='word_1_186' title='bbox 916 3579 1047 3647; x_wconf 87' lang='lat' dir='ltr'><strong>exhibet</strong></span> <span class='ocrx_word' id='word_1_187' title='bbox 1064 3579 1245 3646; x_wconf 84' lang='lat' dir='ltr'><strong>necessario</strong></span> 
     </span>
     <span class='ocr_line' id='line_1_26' title="bbox 148 3695 1245 3787; baseline -0.001 -23"><span class='ocrx_word' id='word_1_188' title='bbox 148 3699 316 3787; x_wconf 86' lang='lat' dir='ltr'><strong>propriam</strong></span> <span class='ocrx_word' id='word_1_189' title='bbox 330 3699 470 3765; x_wconf 85' lang='lat' dir='ltr'><strong>foederis</strong></span> <span class='ocrx_word' id='word_1_190' title='bbox 484 3699 609 3786; x_wconf 81' lang='lat' dir='ltr'><strong>legalis,</strong></span> <span class='ocrx_word' id='word_1_191' title='bbox 630 3699 717 3787; x_wconf 91' lang='lat' dir='ltr'><strong>quod</strong></span> <span class='ocrx_word' id='word_1_192' title='bbox 739 3698 915 3764; x_wconf 88' lang='lat' dir='ltr'><strong>secundum</strong></span> <span class='ocrx_word' id='word_1_193' title='bbox 936 3696 1078 3764; x_wconf 84' lang='lat' dir='ltr'><strong>divinam</strong></span> <span class='ocrx_word' id='word_1_194' title='bbox 1092 3695 1245 3763; x_wconf 88' lang='lat' dir='ltr'><strong>historiae</strong></span> 
     </span>
     <span class='ocr_line' id='line_1_27' title="bbox 148 3814 1301 3925; baseline 0 -47"><span class='ocrx_word' id='word_1_195' title='bbox 148 3814 263 3880; x_wconf 86' lang='lat' dir='ltr'><strong>salutis</strong></span> <span class='ocrx_word' id='word_1_196' title='bbox 292 3815 512 3882; x_wconf 90' lang='lat' dir='ltr'><strong>oeconomiam</strong></span> <span class='ocrx_word' id='word_1_197' title='bbox 540 3817 718 3925; x_wconf 81' lang='lat' dir='ltr'><strong>praecessit</strong></span> <span class='ocrx_word' id='word_1_198' title='bbox 746 3838 902 3880; x_wconf 87' lang='lat' dir='ltr'><strong>summam</strong></span> <span class='ocrx_word' id='word_1_199' title='bbox 930 3815 1055 3902; x_wconf 87' lang='lat' dir='ltr'><strong>gratiae</strong></span> <span class='ocrx_word' id='word_1_200' title='bbox 1082 3815 1245 3902; x_wconf 83' lang='lat' dir='ltr'><strong>dispensa·</strong></span> <span class='ocrx_word' id='word_1_201' title='bbox 1298 3844 1301 3857; x_wconf 77' lang='lat'>=</span> 
     </span>
     <span class='ocr_line' id='line_1_28' title="bbox 146 3920 1245 4021; baseline -0.002 -25"><span class='ocrx_word' id='word_1_202' title='bbox 146 3931 286 4015; x_wconf 80' lang='lat' dir='ltr'><strong>tlonem,</strong></span> <span class='ocrx_word' id='word_1_203' title='bbox 309 3955 407 4021; x_wconf 87' lang='lat' dir='ltr'><strong>quam</strong></span> <span class='ocrx_word' id='word_1_204' title='bbox 428 3933 461 3997; x_wconf 90' lang='lat' dir='ltr'><strong>in</strong></span> <span class='ocrx_word' id='word_1_205' title='bbox 483 3931 602 4001; x_wconf 83' lang='lat' dir='ltr'><strong>Christ</strong></span> <span class='ocrx_word' id='word_1_206' title='bbox 579 3935 740 4001; x_wconf 85' lang='lat' dir='ltr'><strong>tranor&#39;um</strong></span> <span class='ocrx_word' id='word_1_207' title='bbox 762 3931 825 3998; x_wconf 90' lang='lat' dir='ltr'><strong>fide</strong></span> <span class='ocrx_word' id='word_1_208' title='bbox 845 3930 936 3997; x_wconf 88' lang='lat' dir='ltr'><strong>instit</strong></span> <span class='ocrx_word' id='word_1_209' title='bbox 937 3931 985 3996; x_wconf 91' lang='lat' dir='ltr'><strong>uit</strong></span> <span class='ocrx_word' id='word_1_210' title='bbox 1006 3931 1107 3996; x_wconf 88' lang='lat' dir='ltr'><strong>Deus.</strong></span> <span class='ocrx_word' id='word_1_211' title='bbox 1141 3920 1245 4020; x_wconf 90' lang='lat' dir='ltr'><strong>Simi-</strong></span> 
     </span>
     <span class='ocr_line' id='line_1_29' title="bbox 147 4022 1246 4134; baseline -0.003 -21"><span class='ocrx_word' id='word_1_212' title='bbox 147 4047 251 4129; x_wconf 90' lang='lat' dir='ltr'><strong>litudo</strong></span> <span class='ocrx_word' id='word_1_213' title='bbox 274 4059 382 4115; x_wconf 86' lang='lat' dir='ltr'><strong>autern</strong></span> <span class='ocrx_word' id='word_1_214' title='bbox 404 4048 489 4114; x_wconf 89' lang='lat' dir='ltr'><strong>inter</strong></span> <span class='ocrx_word' id='word_1_215' title='bbox 508 4047 592 4113; x_wconf 84' lang='lat' dir='ltr'><strong>hanc</strong></span> <span class='ocrx_word' id='word_1_216' title='bbox 614 4070 703 4134; x_wconf 88' lang='lat' dir='ltr'><strong>spem</strong></span> <span class='ocrx_word' id='word_1_217' title='bbox 718 4047 939 4113; x_wconf 82' lang='lat' dir='ltr'><strong>Israelitarum</strong></span> <span class='ocrx_word' id='word_1_218' title='bbox 959 4057 993 4114; x_wconf 89' lang='lat' dir='ltr'><strong>et</strong></span> <span class='ocrx_word' id='word_1_219' title='bbox 1013 4069 1105 4134; x_wconf 85' lang='lat' dir='ltr'><strong>spem</strong></span> <span class='ocrx_word' id='word_1_220' title='bbox 1122 4022 1246 4111; x_wconf 82' lang='lat' dir='ltr'><strong>christi·</strong></span> 
     </span>
     <span class='ocr_line' id='line_1_30' title="bbox 149 4148 1245 4252; baseline -0.003 -21"><span class='ocrx_word' id='word_1_221' title='bbox 149 4187 244 4231; x_wconf 89' lang='lat' dir='ltr'><strong>anam</strong></span> <span class='ocrx_word' id='word_1_222' title='bbox 266 4165 413 4231; x_wconf 86' lang='lat' dir='ltr'><strong>consistit</strong></span> <span class='ocrx_word' id='word_1_223' title='bbox 433 4175 465 4230; x_wconf 90' lang='lat' dir='ltr'><strong>et</strong></span> <span class='ocrx_word' id='word_1_224' title='bbox 487 4166 519 4230; x_wconf 92' lang='lat' dir='ltr'><strong>in</strong></span> <span class='ocrx_word' id='word_1_225' title='bbox 541 4165 761 4230; x_wconf 83' lang='lat' dir='ltr'><strong>fundamento</strong></span> <span class='ocrx_word' id='word_1_226' title='bbox 772 4164 933 4252; x_wconf 85' lang='lat' dir='ltr'><strong>sperandi,</strong></span> <span class='ocrx_word' id='word_1_227' title='bbox 959 4163 1046 4252; x_wconf 89' lang='lat' dir='ltr'><strong>quod</strong></span> <span class='ocrx_word' id='word_1_228' title='bbox 1069 4148 1245 4228; x_wconf 84' lang='lat' dir='ltr'><strong>secundum</strong></span> 
     </span>
     <span class='ocr_line' id='line_1_31' title="bbox 150 4276 1245 4382; baseline 0 -35"><span class='ocrx_word' id='word_1_229' title='bbox 150 4276 323 4370; x_wconf 72' lang='lat' dir='ltr'><strong>utramque</strong></span> <span class='ocrx_word' id='word_1_230' title='bbox 345 4290 471 4381; x_wconf 79' lang='lat' dir='ltr'><strong>partem</strong></span> <span class='ocrx_word' id='word_1_231' title='bbox 488 4290 542 4348; x_wconf 83' lang='lat' dir='ltr'><strong>est</strong></span> <span class='ocrx_word' id='word_1_232' title='bbox 563 4281 669 4369; x_wconf 85' lang='lat' dir='ltr'><strong>gratia</strong></span> <span class='ocrx_word' id='word_1_233' title='bbox 683 4282 800 4347; x_wconf 80' lang='lat' dir='ltr'><strong>¹divina</strong></span> <span class='ocrx_word' id='word_1_234' title='bbox 821 4281 963 4347; x_wconf 81' lang='lat' dir='ltr'><strong>futuram</strong></span> <span class='ocrx_word' id='word_1_235' title='bbox 983 4280 1152 4382; x_wconf 80' lang='lat' dir='ltr'><strong>salutis-et</strong></span> <span class='ocrx_word' id='word_1_236' title='bbox 1171 4280 1245 4347; x_wconf 87' lang='lat' dir='ltr'><strong>boa·</strong></span> 
     </span>
    </p>
   </div>
   <div class='ocr_carea' id='block_1_9' title="bbox 0 0 1401 4724">
    <p class='ocr_par' dir='ltr' id='par_1_10' title="bbox 0 0 1401 4724">
     <span class='ocr_line' id='line_1_32' title="bbox 0 0 1401 4724; baseline 0 0"><span class='ocrx_word' id='word_1_237' title='bbox 0 0 1401 4724; x_wconf 95' lang='lat' dir='ltr'><strong> </strong></span> 
     </span>
    </p>
   </div>
  </div>
 </body>
</html>
