2782 4724
680 314 720 379 57

142 526 258 594 cuncti
288 523 476 612 quarumvis
504 520 670 588 nationum
691 520 803 587 fideles
825 486 1032 588 adcubabunt
1053 544 1128 588 cum
1148 521 1250 588 Abra-

144 645 256 726 hamo,
277 643 392 710 Isaaco
413 649 446 705 et
468 640 493 708 J
497 640 596 705 acobo
620 638 749 723 (Matth.
772 644 801 722 8,
829 643 882 715 113
903 638 983 704 Luc.
1008 643 1055 719 13,
1078 644 1128 704 28.
1151 638 1216 726 29).

149 790 155 799 ·
236 758 298 823 His
335 757 437 843 ipsius
474 755 689 843 redemptoris
708 754 993 842 ,promissionibus
1029 755 1145 821 nititur
1178 778 1253 844 apes
1306 846 1309 851 ¹
1369 845 1373 850 v

150 873 330 963 apostolica
366 873 494 937 futurae
533 870 777 958 glorificationis
813 880 845 936 et
873 871 1036 936 societatis
1066 871 1122 959 τῆς
1157 862 1254 961 δόξης
1282 921 1284 927 -

148 992 249 1073 illius,
270 990 305 1054 in
328 1012 424 1076 quam
445 987 508 1075 ipsi
530 989 717 1076 perventuri
737 996 820 1053 sunt.
863 987 1021 1072 Petrus,
1044 988 1068 1056 J
1077 989 1252 1056 ohannes

148 1117 183 1173 et
197 1107 348 1173 Paulus
364 1128 428 1171 uno
442 1129 602 1179 ¹consensu
614 1101 716 1186 δόξαν
726 1107 868 1171 divinam
882 1106 1070 1194 primarium
1086 1106 1155 1193 spei
1170 1107 1254 1172 obie-

149 1233 241 1313 ctum
268 1223 405 1308 habent3
437 1245 546 1311 neque
575 1223 638 1287 alia
667 1231 776 1311 potest
804 1223 904 1287 luisse
933 1231 1114 1287 ceterorum
1135 1222 1178 1288 N.
1200 1222 1252 1288 Ti.

152 1349 320 1406 auotomm
352 1339 528 1423 sententia,
560 1339 708 1426 inprimis
731 1339 821 1421 eius,
855 1337 911 1425 qui
933 1338 1062 1425 scripsit
1083 1340 1253 1428 epistolam

153 1431 205 1523 ad.
217 1457 384 1523 Hebraeos
407 1455 421 1541 (
428 1456 502 1521 vide
532 1480 601 1544 cap.
624 1460 653 1539 2,
678 1462 717 1521 10
740 1480 747 1521 ε
770 1451 919 1531 noticia
951 1449 1044 1532 υἱοός
1073 1451 1121 1533 εἰς
1152 1445 1254 1538 δόξαν

150 1561 316 1659 α’γαγόντα
337 1572 423 1659 etc),
445 1573 554 1640 Judac
578 1573 640 1659 (vs.
663 1579 702 1638 24
726 1597 733 1638 :
754 1574 804 1657 τῷ
836 1571 874 1638 δὲ
911 1572 1076 1660 δυναμένῳ
1103 1562 1254 1664 (polagus

150 1686 242 1772 ὑμᾶς
264 1681 465 1765 ἀπταίστους
491 1688 547 1754 καὶ
578 1691 697 1775 στῆσαι
720 1678 931 1767 Ιιιατεναόττιον
952 1695 1010 1779 τῆς
1031 1681 1129 1779 δόξης
1149 1683 1255 1759 αι’τοῦ

150 1798 315 1890 οἷμω’μονς
341 1806 375 1872 ἐν
401 1797 611 1892 ἀγαλλιάσει)
644 1815 677 1871 et
704 1806 837 1891 Jocobi‚
871 1808 932 1873 etsi
956 1810 1025 1891 hic,
1052 1810 1188 1875 fortasse
1211 1811 1252 1876 ob

151 1926 346 1997 brevitatem
376 1934 502 1988 tantum
524 1924 680 2012 epistolae
703 1947 796 2008 suae,
830 1926 950 1990 nullam
973 1927 1100 1992 futurae
1129 1925 1252 2012 gloriae

152 2042 278 2111 Christi
299 2042 466 2107 nobiscum
489 2041 773 2106 communicandae
795 2043 991 2107 mentionem
1013 2043 1145 2109 iniioiat.

236 2159 368 2240 Petrus,
405 2157 551 2221 similiter
578 2157 799 2245 atque'Judas
821 2158 974 2225 describit
995 2161 1150 2248 gaudium
1172 2183 1254 2226 sum-

103 2275 107 2311 '·
150 2299 304 2364 mamque
326 2275 544 2362 voluptatem,
572 2297 669 2361 quam
691 2274 802 2339 fideles
822 2276 1010 2362 passionum
1031 2276 1153 2345 Christi
1175 2278 1253 2345 socii

154 2394 290 2480 capient
333 2415 375 2456 ex
401 2392 529 2456 ‚futura
581 2392 841 2479 magnificentiae
881 2392 1002 2460 Christi
1038 2393 1282 2480 patefactione,

152 2511 189 2597 (I
209 2509 298 2574 Patr.
321 2515 350 2592 4,
376 2505 429 2594 13)
450 2518 623 2597 speratque
650 2533 683 2574 se
705 2510 809 2597 ipsum
832 2511 926 2576 huius
948 2511 1072 2597 gloriae
1092 2511 1162 2577 fore
1183 2535 1254 2600 par-

149 2626 284 2712 ticipem
315 2621 346 2713 (d
370 2624 425 2690 καὶ
447 2625 504 2713 τῆς
523 2614 707 2714 μελλούσης
728 2616 1032 2694 ότιοιιαλότττεσδαι
1055 2617 1157 2716 δόξης
1177 2652 1253 2694 κοι-

104 2793 110 2815 ,-
149 2731 264 2822 νωνός,
295 2747 417 2831 caph,
443 2743 485 2830 1).
530 2743 595 2810 cfr.
618 2768 688 2831 cap.
712 2749 740 2824 ὁ,
762 2752 782 2809 4
804 2769 811 2810 :
834 2745 889 2810 καὶ
916 2746 1168 2832 φανερωθέντος
1193 2746 1256 2811 τοῦ

152 2853 393 2946 αἷρχιποίμενος
407 2863 583 2941 κομιεῖσθε
600 2851 655 2924 τόν
671 2850 886 2950 αἷμαρόντινον
898 2864 956 2951 τῆς
967 2853 1066 2951 δόξης
1080 2861 1253 2950 στέφανον,

154 2979 235 3045 ibid.
258 3001 308 3044 vs.
327 2984 374 3062 10,
397 2980 453 3045 ubi
475 2970 559 3059 δόξα
580 2967 726 3062 αιάόνιος,
750 2980 853 3066 gloria
875 2992 1005 3047 aeterna
1024 2983 1090 3048 Dei
1111 3005 1253 3048 summus

151 3107 289 3162 vocatur
317 3097 390 3163 finis
419 3098 543 3184 gratiae
575 3107 608 3162 et
632 3097 858 3184 perfectionis,
893 3098 934 3164 ad
964 3122 1060 3187 quem
1080 3099 1173 3165 Deus
1194 3122 1254 3165 noa

152 3213 375 3279 destinaverit.
417 3214 471 3279 De
501 3215 598 3280 simili
618 3214 689 3279 loco
711 3237 780 3302 cap.
807 3220 832 3297 l,
848 3219 876 3298 7,
898 3215 954 3281 ubi
976 3204 1063 3296 δόξα
1082 3213 1255 3280 coniuncta
1330 3231 1332 3238 “

152 3339 205 3396 est
232 3354 304 3396 cum
334 3325 469 3405 ἔπαινος
500 3341 532 3396 et
561 3323 639 3415 τιμή
666 3333 764 3418 paulo
791 3332 876 3399 infra
903 3333 997 3398 nobis
1026 3331 1254 3420 exponendum

152 3447 224 3512 erit.
252 3445 456 3515 -Ceterum
477 3447 517 3513 de
538 3436 637 3534 δόξης
658 3449 789 3515 notione
811 3450 897 3536 apud
918 3449 1051 3515 Petrum
1071 3448 1105 3513 in
1125 3448 1253 3514 univer·
1344 3450 1348 3457 “

152 3586 226 3629 sum
247 3564 460 3630 conferendus
483 3573 532 3630 cst
560 3565 702 3631 Weiss.
732 3567 752 3631 l.
777 3590 804 3631 o.
826 3589 902 3655 pag.
927 3567 975 3631 75.
997 3566 1068 3631 76.·

236 3680 404 3748 Johanncs
434 3683 469 3749 in
498 3683 607 3771 priore
635 3707 694 3749 sua
715 3683 852 3771 epistola
874 3682 1015 3771 plurium
1035 3691 1162 3748 tantum
1184 3704 1253 3749 rer-

152 3799 272 3863 borum
294 3798 429 3865 circuitu
453 3788 554 3881 δόξαν
576 3823 647 3868 esse
669 3799 830 3866 obiectum
853 3800 922 3888 spei
944 3800 1100 3877 ostendit,
1121 3822 1187 3867 non
1209 3799 1255 3867 di·

153 3923 241 3980 serte
269 3915 414 3981 nominat
431 3916 467 4003 ¹).
510 3918 600 3983 Dicit
629 3918 716 3983 enim
741 3941 811 4006 cap.
834 3924 863 4001 3,
886 3940 919 3984 v.
941 3924 989 3985 2:
1011 3908 1164 4002 οἴδαμεν,
1200 3903 1254 3982 ότι

229 4212 246 4278 ¹)
264 4209 303 4263 Ab
326 4209 471 4280 apocalypsi
489 4209 608 4263 lohauuia
632 4227 680 4264 non
704 4211 811 4265 alienam
829 4229 885 4265 casa
903 4211 1029 4264 notionem
1047 4211 1164 4264 vocabuli
1182 4203 1251 4281 δόξα

154 4305 247 4358 catoris
264 4303 294 4356 Ν.
313 4303 349 4360 Ti.
368 4304 512 4359 auctoribus
530 4304 686 4399 familiarem,
703 4307 779 4362 docet
795 4307 907 4377 inprimis
925 4322 982 4375 cap.
1000 4303 1042 4374 2¹,
1062 4304 1105 4360 10.
