2782 4724
671 335 712 399 28

597 424 788 436 -ι-ι-

144 556 214 613 reta
241 567 345 612 sermo
372 555 467 612 esset.
518 542 640 614 Contra
678 545 842 633 epitheton
877 541 1090 632 προκειμένης
1121 562 1246 633 nequa·

146 642 259 752 quam-
276 685 348 728 cum
383 661 563 730 camerone
602 662 765 749 explicare
783 639 873 727 licet
904 684 964 748 per
999 684 1110 749 ,spes,
1158 685 1247 750 quae

142 788 272 868 praesto
294 789 358 863 est,
383 802 467 868 quae
485 780 570 845 ultro
593 800 627 844 se
647 778 742 844 nobis
763 776 893 861 offert“,
922 778 979 842 sed
1001 799 1043 842 ex
1064 777 1167 843 Hebr.
1196 785 1245 862 12,

144 896 262 986 2(th
291 893 509 982 προκειμένης
543 894 672 981 χοροῖς)
703 894 884 981 ceterisque
916 895 995 959 locis
1017 919 1036 960 a
1056 894 1247 962 Bleekio

143 1015 266 1080 collatis
297 1022 389 1102 patet
415 1013 622 1100 cogitandum
645 1035 714 1077 ease
736 1011 776 1079 de
798 1012 892 1077 bonis
914 1012 1107 1077 coelestibus
1128 1036 1147 1077 a
1168 1013 1245 1079 Deo

143 1131 236 1199 nobis
257 1130 391 1219 paratis,
413 1153 438 1194 s.
461 1129 501 1194 de
522 1128 700 1193 hereditate
722 1128 869 1211 coelesti,
902 1150 1000 1215 quam
1021 1152 1079 1216 spe
1101 1151 1247 1218 compre·

142 1249 312 1316 hendimus
335 1257 367 1314 ct
391 1255 560 1312 sectamur.
603 1245 736 1332 Duplici
756 1245 858 1333 igitur
880 1254 1030 1332 respectu
1052 1246 1147 1311 simul
1169 1270 1245 1312 con-

144 1366 304 1432 sideratur
325 1388 400 1452 spes
420 1364 452 1428 h.
465 1365 497 1447 l.,
521 1363 628 1453 quoad
646 1363 776 1428 finalem
798 1372 954 1428 eventum
976 1386 1000 1428 s.
1023 1363 1246 1451 impletionem

145 1493 178 1548 et
208 1483 315 1571 quoad
339 1490 463 1547 >statum
489 1489 712 1569 praesentem
743 1489 792 1546 est
818 1480 957 1564 bonum,
991 1481 1078 1569 quod
1099 1481 1246 1569 arripere

144 1598 330 1686 (κρατῆσαι)
362 1599 492 1687 quidem
518 1599 686 1680 debemus,
729 1599 816 1686 quod
851 1620 930 1664 vero
960 1597 1055 1663 simul
1088 1614 1244 1684 praesens

143 1718 299 1783 habemus
322 1711 479 1800 (ἔχομεν).

225 1833 342 1921 Neque
370 1832 476 1898 minus
502 1831 675 1922 perspicue
700 1830 880 1896 obiectivus
904 1835 1021 1895 'sensns
1048 1854 1118 1897 voc.
1146 1820 1246 1909 ἐλπὶς

147 1949 253 2016 elucet
274 1947 345 2016 Col.
372 1951 431 2032 1‚5
454 1974 461 2015 :
481 1943 539 2013 διδ
569 1939 625 2032 τήν
652 1937 775 2012 ἐλπίδα
803 1943 860 2034 τήν
879 1943 1097 2035 ἀποκειμένην
1116 1942 1191 2030 ὑμῖν
1213 1941 1247 2016 ἐκ

142 2069 213 2142 τοῖς
243 2055 405 2154 οιῗρακοῖς.
458 2065 567 2131 Etiam
594 2065 626 2129 h.
657 2066 679 2130 l.
711 2065 872 2131 obiectum
901 2064 988 2153 spei,
1030 2066 1051 2130 i.
1085 2088 1112 2131 e.
1154 2066 1244 2133 salus

146 2194 280 2251 aeterna
294 2207 313 2250 a
328 2183 458 2251 Christo
479 2183 573 2249 nobis
595 2192 698 2270 parta,
721 2183 914 2249 describitur
933 2192 1097 2272 tamquam
1121 2185 1244 2250 bonum

145 2301 329 2370 Christiano
351 2301 385 2366 in
407 2301 506 2367 coelis
528 2299 724 2386 depositum,
757 2301 803 2365 ite
829 2310 937 2365 tamen
952 2310 995 2366 ut
1015 2325 1075 2389 per
1101 2292 1244 2367 οἷποκεῒ-

143 2422 229 2485 σθαι
260 2416 332 2503 (cfr.
354 2417 391 2483 11
412 2417 496 2481 Tim.
513 2422 548 2496 4,
564 2415 599 2499 8)
628 2415 732 2502 magis
753 2416 914 2482 indicetur
934 2418 1023 2484 notio
1045 2407 1188 2484 thesauri
1208 2419 1258 2497 im

144 2537 234 2602 coelo
261 2533 458 2617 absconditi,
480 2549 482 2552 ’
503 2533 578 2615 dum
614 2534 821 2618 προκεῖσθαι
856 2535 965 2622 potius
994 2537 1035 2601 ad
1063 2536 1244 2623 praemium

51 2722 55 2728 ,
144 2652 330 2720 certaminis
350 2652 444 2717 nobis
466 2649 668 2737 propositum
690 2650 834 2716 alludere
856 2627 984 2716 uidetur
1004 2652 1038 2738 ¹).
1058 2689 1092 2700 -
1112 2652 1244 2718 Deinde

143 2769 217 2837 Gal.
241 2770 304 2852 5‚o
327 2793 335 2833 :
355 2757 479 2832 ἐλπίδα
500 2754 711 2854 δικαιοσύνης
732 2756 992 2849 οἷπεκδέχεοδαι,
1015 2806 1054 2816 -
1075 2768 1138 2834 nisi
1159 2768 1242 2834 falso

97 2951 100 2962 ,
142 2909 215 2952 cum
234 2884 398 2952 Matthies.
430 2873 682 2967 οἷπεκδὲχεσδαι
708 2884 921 2972 interpretere
948 2907 1008 2971 per
1028 2884 1242 2972 prehendere,

142 3004 286 3092 arripere
309 3037 356 3050 --
369 3002 463 3084 nullo
488 3002 552 3069 alio
579 3002 674 3068 modo
702 3001 859 3089 explicari
887 3010 1013 3089 potest,
1047 3023 1144 3091 quam
1165 3025 1241 3088 ,ex-

141 3120 290 3208 spectare
306 3118 462 3184 iustitiam
477 3118 669 3206 speratam“,
691 3119 737 3184 ita
757 3126 794 3183 ut
810 3107 907 3192 ἐλπίς
921 3117 1124 3206 intelligatur
1145 3142 1243 3186 sensu

142 3236 303 3304 obiectivo
336 3246 369 3301 et
396 3223 603 3320 δικαιοσύνης
632 3235 674 3299 sit
704 3234 868 3322 genitivus
897 3233 1015 3300 obiecti
1035 3235 1179 3322 pendens
1200 3260 1243 3303 ex

141 3354 202 3420 hoc
228 3353 369 3419 nomine.
405 3388 441 3400 -
470 3352 588 3439 Neque
624 3351 719 3416 aliter
745 3350 848 3439 accipi
877 3360 985 3439 potest
1013 3351 1107 3417 Rom.
1137 3359 1165 3435 8,
1189 3359 1239 3437 24,

213 3633 233 3700 ¹)
250 3631 348 3686 Diversi
377 3633 477 3702 generis
501 3641 540 3686 est
561 3632 633 3685 locus
656 3649 714 3686 mox
736 3646 846 3702 sequens
875 3608 947 3696 (cot.
969 3630 992 3692 l,
1010 3629 1070 3694 27),
1109 3648 1158 3702 qno
1186 3635 1242 3701 ipss

143 3723 255 3780 Christus
272 3736 378 3799 vocotus
396 3719 410 3796 η’
431 3730 502 3796 ἐλπὶς
519 3723 568 3800 γῆς
585 3719 678 3802 δόξης,
696 3729 715 3778 i.
731 3743 753 3779 e.
772 3725 961 3778 fundumentum
979 3743 998 3776 s.
1017 3741 1091 3778 censs
1110 3726 1242 3797 spsiglo·

143 3824 209 3884 siae,
227 3835 327 3885 causa,
344 3831 448 3890 propter
465 3837 539 3890 quom
556 3825 685 3889 speramus
702 3818 809 3889 glorians
827 3819 961 3872 coelestem
978 3818 1050 3872 nobis
1068 3819 1242 3872 obventurum.

141 3912 211 3967 Idem
229 3895 353 3982 significat
370 3913 381 3965 l
399 3912 459 3966 Tim.
479 3915 503 3978 l,
522 3913 534 3965 l
555 3905 595 3988 εὴ
616 3917 690 3981 ἐλπὶς
706 3904 787 3992 η’μόν;
812 3909 926 3965 Christus
941 3922 993 3976 est,
1016 3928 1068 3981 quo
1084 3913 1142 3966 irati
1155 3929 1241 3983 spen-

141 4024 212 4070 mus,
232 4018 272 4067 est
288 4009 344 4061 fons
362 4018 388 4061 st
405 4017 494 4062 auctor
511 4009 566 4077 spei
583 4018 692 4061 nostrae.
729 4006 781 4059 Cir.
799 4007 809 4059 l
828 4006 912 4061 Thess.
931 4008 957 4070 2,
973 4004 1010 4059 ·l9
1028 4018 1054 4061 et
1071 4007 1157 4072 locos,
1178 4025 1243 4077 quos

142 4117 174 4155 ox
192 4102 302 4155 classicis
320 4102 482 4171 scriptoribus
499 4101 531 4154 sd
549 4101 615 4154 hanc
633 4102 786 4156 locutionem
799 4100 971 4153 illustrsndsm
986 4101 1090 4154 contulit
1102 4099 1242 4155 liechies

141 4193 286 4258 (comment.
311 4196 342 4248 sd
361 4197 373 4247 1
392 4193 475 4248 Thess.
499 4214 523 4265 p.
540 4195 620 4262 219),
650 4198 757 4268 deniquo
775 4195 831 4250 Act.
854 4192 894 4265 tt,
915 4193 962 4259 ¹9,
987 4195 1018 4248 ds
1040 4212 1090 4267 qno
1111 4196 1169 4248 loco
1187 4198 1241 4250 isus

142 4306 217 4359 suprs
239 4293 400 4358 exposuimus
417 4304 472 4359 cap.
490 4289 514 4342 ll
532 4293 584 4345 init
776 4303 779 4309 ’
914 4311 918 4317 “
