<?xml version="1.0" encoding="UTF-8"?>
<!DOCTYPE html PUBLIC "-//W3C//DTD XHTML 1.0 Transitional//EN"
    "http://www.w3.org/TR/xhtml1/DTD/xhtml1-transitional.dtd">
<html xmlns="http://www.w3.org/1999/xhtml" xml:lang="en" lang="en">
 <head>
  <title>
</title>
<meta http-equiv="Content-Type" content="text/html;charset=utf-8" />
  <meta name='ocr-system' content='tesseract 3.04.00' />
  <meta name='ocr-capabilities' content='ocr_page ocr_carea ocr_par ocr_line ocrx_word'/>
</head>
<body>
  <div class='ocr_page' id='page_1' title='image "./deviacnotionevo00zcgoog_0051.png"; bbox 0 0 2782 4724; ppageno 0'>
   <div class='ocr_carea' id='block_1_1' title="bbox 37 294 1246 1772">
    <p class='ocr_par' dir='ltr' id='par_1_1' title="bbox 585 294 781 404">
     <span class='ocr_line' id='line_1_1' title="bbox 585 294 781 404; baseline 0 0"><span class='ocrx_word' id='word_1_1' title='bbox 585 294 781 404; x_wconf 52' lang='grc' dir='ltr'>Α,</span> 
     </span>
    </p>

    <p class='ocr_par' dir='ltr' id='par_1_2' title="bbox 37 502 1246 1772">
     <span class='ocr_line' id='line_1_2' title="bbox 124 502 1239 603; baseline 0.01 -29"><span class='ocrx_word' id='word_1_2' title='bbox 124 505 206 597; x_wconf 76' lang='lat' dir='ltr'>‘spei</span> <span class='ocrx_word' id='word_1_3' title='bbox 228 518 323 576; x_wconf 81' lang='lat' dir='ltr'>vocat</span> <span class='ocrx_word' id='word_1_4' title='bbox 341 509 459 576; x_wconf 84' lang='lat' dir='ltr'>Petrus</span> <span class='ocrx_word' id='word_1_5' title='bbox 479 511 513 578; x_wconf 88' lang='lat' dir='ltr'>in</span> <span class='ocrx_word' id='word_1_6' title='bbox 535 502 749 599; x_wconf 59' lang='lat' dir='ltr'>priorie&#39;suae</span> <span class='ocrx_word' id='word_1_7' title='bbox 767 525 820 602; x_wconf 80' lang='lat' dir='ltr'>ep.&#39;</span> <span class='ocrx_word' id='word_1_8' title='bbox 835 519 907 602; x_wconf 85' lang='lat' dir='ltr'>cap&#39;.</span> <span class='ocrx_word' id='word_1_9' title='bbox 933 519 960 600; x_wconf 83' lang='lat'>1,</span> <span class='ocrx_word' id='word_1_10' title='bbox 982 538 1012 581; x_wconf 88' lang='lat' dir='ltr'>v.</span> <span class='ocrx_word' id='word_1_11' title='bbox 1033 520 1095 582; x_wconf 67' lang='lat'>132</span> <span class='ocrx_word' id='word_1_12' title='bbox 1117 513 1239 603; x_wconf 70' lang='grc' dir='ltr'><strong><em>,ἕλπί</em></strong></span> 
     </span>
     <span class='ocr_line' id='line_1_3' title="bbox 37 602 1239 722; baseline 0.01 -34"><span class='ocrx_word' id='word_1_13' title='bbox 37 602 47 613; x_wconf 56' lang='grc'><strong>’</strong></span> <span class='ocrx_word' id='word_1_14' title='bbox 135 646 213 689; x_wconf 79' lang='lat' dir='ltr'>oure</span> <span class='ocrx_word' id='word_1_15' title='bbox 235 621 293 692; x_wconf 80' lang='grc' dir='ltr'>ἐπί</span> <span class='ocrx_word' id='word_1_16' title='bbox 313 619 369 713; x_wconf 72' lang='grc' dir='ltr'>τήν</span> <span class='ocrx_word' id='word_1_17' title='bbox 388 625 569 715; x_wconf 76' lang='grc' dir='ltr'><em>φερομένην</em></span> <span class='ocrx_word' id='word_1_18' title='bbox 596 621 671 710; x_wconf 77' lang='grc' dir='ltr'>ὑμῖν</span> <span class='ocrx_word' id='word_1_19' title='bbox 690 623 789 715; x_wconf 67' lang='grc' dir='ltr'><em>χάριν</em></span> <span class='ocrx_word' id='word_1_20' title='bbox 808 627 840 695; x_wconf 75' lang='grc' dir='ltr'>ἐν</span> <span class='ocrx_word' id='word_1_21' title='bbox 862 619 1119 722; x_wconf 78' lang='grc' dir='ltr'><strong><em>α’ποκαλδψειλ.</em></strong></span> <span class='ocrx_word' id='word_1_22' title='bbox 1143 637 1239 720; x_wconf 58' lang='grc' dir='ltr'>Χριὲ</span> 
     </span>
     <span class='ocr_line' id='line_1_4' title="bbox 137 743 1241 835; baseline 0.01 -30"><span class='ocrx_word' id='word_1_23' title='bbox 137 743 245 807; x_wconf 72' lang='grc' dir='ltr'><strong><em>στοῦ“.</em></strong></span> <span class='ocrx_word' id='word_1_24' title='bbox 298 743 405 823; x_wconf 84' lang='lat' dir='ltr'>Quam</span> <span class='ocrx_word' id='word_1_25' title='bbox 436 745 695 811; x_wconf 76' lang='lat' dir='ltr'>enunciationem</span> <span class='ocrx_word' id='word_1_26' title='bbox 724 746 769 812; x_wconf 88' lang='lat' dir='ltr'>ita</span> <span class='ocrx_word' id='word_1_27' title='bbox 798 769 868 813; x_wconf 80' lang='lat' dir='ltr'>esse</span> <span class='ocrx_word' id='word_1_28' title='bbox 904 748 1167 835; x_wconf 82' lang='lat' dir='ltr'>intelligendam,</span> <span class='ocrx_word' id='word_1_29' title='bbox 1200 761 1241 817; x_wconf 86' lang='lat' dir='ltr'>ut</span> 
     </span>
     <span class='ocr_line' id='line_1_5' title="bbox 133 853 1241 952; baseline 0.007 -28"><span class='ocrx_word' id='word_1_30' title='bbox 133 853 232 947; x_wconf 68' lang='grc' dir='ltr'><em>χάρις</em></span> <span class='ocrx_word' id='word_1_31' title='bbox 254 861 348 952; x_wconf 83' lang='lat' dir='ltr'>simul</span> <span class='ocrx_word' id='word_1_32' title='bbox 369 884 428 951; x_wconf 90' lang='lat' dir='ltr'>pro</span> <span class='ocrx_word' id='word_1_33' title='bbox 450 861 658 948; x_wconf 80' lang='lat' dir='ltr'>fundamento</span> <span class='ocrx_word' id='word_1_34' title='bbox 681 872 714 952; x_wconf 88' lang='lat' dir='ltr'>et</span> <span class='ocrx_word' id='word_1_35' title='bbox 734 862 940 951; x_wconf 80' lang='lat' dir='ltr'>pro-obiecto</span> <span class='ocrx_word' id='word_1_36' title='bbox 963 865 1034 951; x_wconf 81' lang='lat' dir='ltr'>spei</span> <span class='ocrx_word' id='word_1_37' title='bbox 1051 866 1241 952; x_wconf 74' lang='lat' dir='ltr'>accipiatur</span> 
     </span>
     <span class='ocr_line' id='line_1_6' title="bbox 40 974 1240 1064; baseline 0.008 -26"><span class='ocrx_word' id='word_1_38' title='bbox 40 1024 43 1031; x_wconf 83' lang='lat'><em>.</em></span> <span class='ocrx_word' id='word_1_39' title='bbox 134 974 199 1040; x_wconf 88' lang='lat' dir='ltr'>iam</span> <span class='ocrx_word' id='word_1_40' title='bbox 222 998 320 1062; x_wconf 82' lang='lat' dir='ltr'>supra</span> <span class='ocrx_word' id='word_1_41' title='bbox 340 998 410 1063; x_wconf 86' lang='lat' dir='ltr'>cap.</span> <span class='ocrx_word' id='word_1_42' title='bbox 433 976 468 1042; x_wconf 92' lang='grc' dir='ltr'>Π</span> <span class='ocrx_word' id='word_1_43' title='bbox 490 978 709 1064; x_wconf 82' lang='lat' dir='ltr'>exposuimus.</span> <span class='ocrx_word' id='word_1_44' title='bbox 754 977 915 1046; x_wconf 84' lang='lat' dir='ltr'><strong>Similiter</strong></span> <span class='ocrx_word' id='word_1_45' title='bbox 933 981 1056 1047; x_wconf 81' lang='lat' dir='ltr'>Paulus</span> <span class='ocrx_word' id='word_1_46' title='bbox 1071 981 1240 1049; x_wconf 79' lang='lat' dir='ltr'>HTheea.</span> 
     </span>
     <span class='ocr_line' id='line_1_7' title="bbox 135 1084 1243 1186; baseline 0.007 -30"><span class='ocrx_word' id='word_1_47' title='bbox 135 1084 164 1177; x_wconf 78' lang='grc'>2,</span> <span class='ocrx_word' id='word_1_48' title='bbox 189 1097 226 1157; x_wconf 91' lang='lat'>16</span> <span class='ocrx_word' id='word_1_49' title='bbox 249 1092 389 1178; x_wconf 82' lang='lat' dir='ltr'><strong>gratiam</strong></span> <span class='ocrx_word' id='word_1_50' title='bbox 412 1091 556 1179; x_wconf 88' lang='lat' dir='ltr'>divinam</span> <span class='ocrx_word' id='word_1_51' title='bbox 583 1094 676 1159; x_wconf 87' lang='lat' dir='ltr'>basin</span> <span class='ocrx_word' id='word_1_52' title='bbox 696 1105 792 1162; x_wconf 88' lang='lat' dir='ltr'>vocat</span> <span class='ocrx_word' id='word_1_53' title='bbox 815 1105 847 1162; x_wconf 90' lang='lat' dir='ltr'>et</span> <span class='ocrx_word' id='word_1_54' title='bbox 867 1106 1033 1185; x_wconf 89' lang='lat' dir='ltr'>tamquam</span> <span class='ocrx_word' id='word_1_55' title='bbox 1056 1099 1243 1186; x_wconf 81' lang='lat' dir='ltr'>sphaeram,¹</span> 
     </span>
     <span class='ocr_line' id='line_1_8' title="bbox 133 1200 1243 1298; baseline 0.008 -26"><span class='ocrx_word' id='word_1_56' title='bbox 133 1206 167 1272; x_wconf 89' lang='lat' dir='ltr'>in</span> <span class='ocrx_word' id='word_1_57' title='bbox 197 1231 262 1297; x_wconf 89' lang='lat' dir='ltr'>qua</span> <span class='ocrx_word' id='word_1_58' title='bbox 289 1215 438 1274; x_wconf 76' lang='lat' dir='ltr'><strong>versetur</strong></span> <span class='ocrx_word' id='word_1_59' title='bbox 465 1231 540 1296; x_wconf 82' lang='lat' dir='ltr'>spes</span> <span class='ocrx_word' id='word_1_60' title='bbox 567 1208 737 1298; x_wconf 59' lang='lat' dir='ltr'>fidelium„</span> <span class='ocrx_word' id='word_1_61' title='bbox 757 1206 827 1277; x_wconf 73' lang='lat' dir='ltr'>&#39;Hie</span> <span class='ocrx_word' id='word_1_62' title='bbox 850 1212 936 1278; x_wconf 91' lang='lat' dir='ltr'>enim</span> <span class='ocrx_word' id='word_1_63' title='bbox 959 1236 1072 1279; x_wconf 82' lang='lat' dir='ltr'>seusus</span> <span class='ocrx_word' id='word_1_64' title='bbox 1095 1200 1146 1280; x_wconf 82' lang='lat' dir='ltr'>eat</span> <span class='ocrx_word' id='word_1_65' title='bbox 1166 1239 1243 1282; x_wconf 89' lang='lat' dir='ltr'>ver·</span> 
     </span>
     <span class='ocr_line' id='line_1_9' title="bbox 134 1314 1245 1420; baseline 0.006 -30"><span class='ocrx_word' id='word_1_66' title='bbox 134 1325 271 1391; x_wconf 89' lang='lat' dir='ltr'>borum:</span> <span class='ocrx_word' id='word_1_67' title='bbox 294 1319 402 1410; x_wconf 73' lang='grc' dir='ltr'>,θείς</span> <span class='ocrx_word' id='word_1_68' title='bbox 417 1373 506 1391; x_wconf 92' lang='grc'><strong>.....</strong></span> <span class='ocrx_word' id='word_1_69' title='bbox 522 1317 541 1392; x_wconf 83' lang='lat' dir='ltr'>o‘</span> <span class='ocrx_word' id='word_1_70' title='bbox 561 1314 734 1412; x_wconf 74' lang='grc' dir='ltr'>δγαπὴοας</span> <span class='ocrx_word' id='word_1_71' title='bbox 754 1323 840 1416; x_wconf 81' lang='grc' dir='ltr'><strong><em>ἡμᾶς</em></strong></span> <span class='ocrx_word' id='word_1_72' title='bbox 861 1328 918 1395; x_wconf 85' lang='grc' dir='ltr'>καί</span> <span class='ocrx_word' id='word_1_73' title='bbox 935 1325 1014 1406; x_wconf 78' lang='grc' dir='ltr'><strong><em>δοδς</em></strong></span> <span class='ocrx_word' id='word_1_74' title='bbox 1030 1322 1245 1420; x_wconf 73' lang='grc' dir='ltr'><strong><em>παράκλησιν</em></strong></span> 
     </span>
     <span class='ocr_line' id='line_1_10' title="bbox 137 1431 1246 1535; baseline 0.007 -29"><span class='ocrx_word' id='word_1_75' title='bbox 137 1431 272 1507; x_wconf 67' lang='lat' dir='ltr'>diurnium</span> <span class='ocrx_word' id='word_1_76' title='bbox 293 1439 350 1507; x_wconf 86' lang='grc' dir='ltr'>καί</span> <span class='ocrx_word' id='word_1_77' title='bbox 371 1431 492 1508; x_wconf 75' lang='grc' dir='ltr'><strong><em>ἐλπίδα</em></strong></span> <span class='ocrx_word' id='word_1_78' title='bbox 513 1431 640 1529; x_wconf 74' lang='grc' dir='ltr'><em>οἷγαδὴν</em></span> <span class='ocrx_word' id='word_1_79' title='bbox 660 1435 699 1511; x_wconf 77' lang='grc' dir='ltr'>ἐν</span> <span class='ocrx_word' id='word_1_80' title='bbox 719 1437 878 1534; x_wconf 73' lang='grc' dir='ltr'>χάριτι,</span> <span class='ocrx_word' id='word_1_81' title='bbox 899 1447 976 1513; x_wconf 86' lang='lat' dir='ltr'>lieet</span> <span class='ocrx_word' id='word_1_82' title='bbox 993 1448 1054 1513; x_wconf 88' lang='lat' dir='ltr'>hoc</span> <span class='ocrx_word' id='word_1_83' title='bbox 1076 1435 1110 1512; x_wconf 75' lang='grc' dir='ltr'>ἓν</span> <span class='ocrx_word' id='word_1_84' title='bbox 1128 1436 1246 1535; x_wconf 78' lang='grc' dir='ltr'><strong><em>χδρίτι</em></strong></span> 
     </span>
     <span class='ocr_line' id='line_1_11' title="bbox 139 1548 1245 1651; baseline 0.009 -28"><span class='ocrx_word' id='word_1_85' title='bbox 139 1580 244 1639; x_wconf 83' lang='lat' dir='ltr'>none</span> <span class='ocrx_word' id='word_1_86' title='bbox 265 1580 350 1625; x_wconf 93' lang='lat' dir='ltr'>nom.</span> <span class='ocrx_word' id='word_1_87' title='bbox 373 1548 495 1626; x_wconf 78' lang='grc' dir='ltr'><strong><em>ἐλπίδα</em></strong></span> <span class='ocrx_word' id='word_1_88' title='bbox 522 1571 648 1628; x_wconf 86' lang='lat' dir='ltr'>tautum</span> <span class='ocrx_word' id='word_1_89' title='bbox 674 1565 815 1651; x_wconf 89' lang='lat' dir='ltr'>pendeat</span> <span class='ocrx_word' id='word_1_90' title='bbox 843 1565 900 1632; x_wconf 83' lang='lat' dir='ltr'>aed</span> <span class='ocrx_word' id='word_1_91' title='bbox 928 1564 969 1631; x_wconf 86' lang='lat' dir='ltr'>ad</span> <span class='ocrx_word' id='word_1_92' title='bbox 997 1556 1073 1642; x_wconf 77' lang='grc' dir='ltr'><strong><em>δοδς</em></strong></span> <span class='ocrx_word' id='word_1_93' title='bbox 1100 1566 1245 1633; x_wconf 87' lang='lat' dir='ltr'>referen-</span> 
     </span>
     <span class='ocr_line' id='line_1_12' title="bbox 138 1671 1243 1772; baseline 0.011 -33"><span class='ocrx_word' id='word_1_94' title='bbox 138 1672 214 1739; x_wconf 90' lang='lat' dir='ltr'>dum</span> <span class='ocrx_word' id='word_1_95' title='bbox 236 1671 278 1744; x_wconf 85' lang='lat' dir='ltr'>sit</span> <span class='ocrx_word' id='word_1_96' title='bbox 297 1678 331 1755; x_wconf 85' lang='lat'>¹),</span> <span class='ocrx_word' id='word_1_97' title='bbox 354 1674 400 1739; x_wconf 88' lang='lat' dir='ltr'>ita</span> <span class='ocrx_word' id='word_1_98' title='bbox 421 1684 457 1741; x_wconf 87' lang='lat' dir='ltr'>ut</span> <span class='ocrx_word' id='word_1_99' title='bbox 477 1678 584 1765; x_wconf 83' lang='lat' dir='ltr'>gratia</span> <span class='ocrx_word' id='word_1_100' title='bbox 604 1678 730 1749; x_wconf 76' lang='lat' dir='ltr'>ditatur</span> <span class='ocrx_word' id='word_1_101' title='bbox 751 1681 901 1766; x_wconf 88' lang='lat' dir='ltr'>medium,</span> <span class='ocrx_word' id='word_1_102' title='bbox 923 1681 957 1748; x_wconf 90' lang='lat' dir='ltr'>in</span> <span class='ocrx_word' id='word_1_103' title='bbox 972 1705 1037 1772; x_wconf 91' lang='lat' dir='ltr'>quo</span> <span class='ocrx_word' id='word_1_104' title='bbox 1051 1682 1146 1749; x_wconf 86' lang='lat' dir='ltr'>nobis</span> <span class='ocrx_word' id='word_1_105' title='bbox 1163 1683 1243 1750; x_wconf 87' lang='lat' dir='ltr'>data</span> 
     </span>
    </p>
   </div>
   <div class='ocr_carea' id='block_1_2' title="bbox 14 1790 544 1878">
    <p class='ocr_par' dir='ltr' id='par_1_3' title="bbox 14 1790 544 1878">
     <span class='ocr_line' id='line_1_13' title="bbox 14 1790 544 1878; baseline -0.004 -23"><span class='ocrx_word' id='word_1_106' title='bbox 14 1843 17 1846; x_wconf 92' lang='lat'>.</span> <span class='ocrx_word' id='word_1_107' title='bbox 139 1791 181 1856; x_wconf 83' lang='lat' dir='ltr'>ait</span> <span class='ocrx_word' id='word_1_108' title='bbox 202 1790 380 1857; x_wconf 76' lang='lat' dir='ltr'>consolatio</span> <span class='ocrx_word' id='word_1_109' title='bbox 402 1800 435 1856; x_wconf 91' lang='lat' dir='ltr'>et</span> <span class='ocrx_word' id='word_1_110' title='bbox 459 1813 544 1878; x_wconf 79' lang='lat' dir='ltr'>spes.</span> 
     </span>
    </p>
   </div>
   <div class='ocr_carea' id='block_1_3' title="bbox 46 1895 1245 3752">
    <p class='ocr_par' dir='ltr' id='par_1_4' title="bbox 46 1895 1245 3752">
     <span class='ocr_line' id='line_1_14' title="bbox 219 1895 1241 1998; baseline 0.003 -24"><span class='ocrx_word' id='word_1_111' title='bbox 219 1906 312 1974; x_wconf 74' lang='lat' dir='ltr'>Soloe</span> <span class='ocrx_word' id='word_1_112' title='bbox 334 1905 475 1974; x_wconf 73' lang='lat' dir='ltr'>Gloriam</span> <span class='ocrx_word' id='word_1_113' title='bbox 495 1906 739 1973; x_wconf 85' lang='lat' dir='ltr'>fundamentum</span> <span class='ocrx_word' id='word_1_114' title='bbox 768 1905 944 1995; x_wconf 82' lang='lat' dir='ltr'>(simulque</span> <span class='ocrx_word' id='word_1_115' title='bbox 965 1895 1142 1994; x_wconf 78' lang='lat' dir='ltr'>obiectum)</span> <span class='ocrx_word' id='word_1_116' title='bbox 1165 1912 1241 1998; x_wconf 63' lang='lat' dir='ltr'>spess</span> 
     </span>
     <span class='ocr_line' id='line_1_15' title="bbox 85 2007 1243 2112; baseline 0.002 -22"><span class='ocrx_word' id='word_1_117' title='bbox 85 2033 92 2039; x_wconf 73' lang='grc'><strong>”</strong></span> <span class='ocrx_word' id='word_1_118' title='bbox 139 2007 232 2090; x_wconf 76' lang='lat' dir='ltr'>&#39;randi</span> <span class='ocrx_word' id='word_1_119' title='bbox 255 2024 427 2091; x_wconf 83' lang='lat' dir='ltr'>vocaturI</span> <span class='ocrx_word' id='word_1_120' title='bbox 450 2020 525 2090; x_wconf 79' lang='lat' dir='ltr'>Cor.</span> <span class='ocrx_word' id='word_1_121' title='bbox 550 2024 604 2106; x_wconf 88' lang='lat'>15,</span> <span class='ocrx_word' id='word_1_122' title='bbox 635 2027 689 2106; x_wconf 84' lang='lat'>19,</span> <span class='ocrx_word' id='word_1_123' title='bbox 713 2022 768 2111; x_wconf 92' lang='lat' dir='ltr'>qui</span> <span class='ocrx_word' id='word_1_124' title='bbox 801 2023 891 2089; x_wconf 81' lang='lat' dir='ltr'>locus</span> <span class='ocrx_word' id='word_1_125' title='bbox 918 2021 1065 2110; x_wconf 79' lang='lat' dir='ltr'><strong>inprimis</strong></span> <span class='ocrx_word' id='word_1_126' title='bbox 1089 2023 1177 2112; x_wconf 89' lang='lat' dir='ltr'>quod</span> <span class='ocrx_word' id='word_1_127' title='bbox 1200 2026 1243 2092; x_wconf 86' lang='lat' dir='ltr'>ad</span> 
     </span>
     <span class='ocr_line' id='line_1_16' title="bbox 139 2129 1244 2237; baseline -0.004 -27"><span class='ocrx_word' id='word_1_128' title='bbox 139 2143 413 2237; x_wconf 76' lang='lat' dir='ltr'>constructionem</span> <span class='ocrx_word' id='word_1_129' title='bbox 434 2142 526 2208; x_wconf 86' lang='lat' dir='ltr'>verbi</span> <span class='ocrx_word' id='word_1_130' title='bbox 547 2132 693 2221; x_wconf 74' lang='grc' dir='ltr'><strong><em>ἐλπίζειν</em></strong></span> <span class='ocrx_word' id='word_1_131' title='bbox 712 2162 785 2205; x_wconf 91' lang='lat' dir='ltr'>eum</span> <span class='ocrx_word' id='word_1_132' title='bbox 807 2161 919 2229; x_wconf 81' lang='lat' dir='ltr'>praep.</span> <span class='ocrx_word' id='word_1_133' title='bbox 943 2129 975 2204; x_wconf 78' lang='grc' dir='ltr'>ἓν</span> <span class='ocrx_word' id='word_1_134' title='bbox 995 2140 1119 2221; x_wconf 81' lang='lat' dir='ltr'>attinet,</span> <span class='ocrx_word' id='word_1_135' title='bbox 1143 2140 1244 2206; x_wconf 85' lang='lat' dir='ltr'><strong>simil-</strong></span> 
     </span>
     <span class='ocr_line' id='line_1_17' title="bbox 129 2256 1243 2355; baseline -0.004 -27"><span class='ocrx_word' id='word_1_136' title='bbox 129 2263 237 2355; x_wconf 73' lang='lat' dir='ltr'>=3limua</span> <span class='ocrx_word' id='word_1_137' title='bbox 261 2270 311 2328; x_wconf 84' lang='lat' dir='ltr'>eet</span> <span class='ocrx_word' id='word_1_138' title='bbox 331 2261 418 2327; x_wconf 85' lang='lat' dir='ltr'>illius</span> <span class='ocrx_word' id='word_1_139' title='bbox 439 2259 524 2346; x_wconf 85' lang='lat' dir='ltr'>Eph.</span> <span class='ocrx_word' id='word_1_140' title='bbox 550 2263 576 2340; x_wconf 85' lang='lat'>1,</span> <span class='ocrx_word' id='word_1_141' title='bbox 601 2263 648 2341; x_wconf 83' lang='lat'>12,</span> <span class='ocrx_word' id='word_1_142' title='bbox 670 2257 710 2323; x_wconf 83' lang='lat' dir='ltr'>de</span> <span class='ocrx_word' id='word_1_143' title='bbox 735 2279 799 2345; x_wconf 92' lang='lat' dir='ltr'>quo</span> <span class='ocrx_word' id='word_1_144' title='bbox 820 2279 852 2322; x_wconf 86' lang='lat' dir='ltr'>v.</span> <span class='ocrx_word' id='word_1_145' title='bbox 871 2257 930 2323; x_wconf 81' lang='lat' dir='ltr'>sub</span> <span class='ocrx_word' id='word_1_146' title='bbox 951 2257 969 2323; x_wconf 94' lang='grc' dir='ltr'>Ι</span> <span class='ocrx_word' id='word_1_147' title='bbox 990 2256 1084 2321; x_wconf 83' lang='lat' dir='ltr'>huius</span> <span class='ocrx_word' id='word_1_148' title='bbox 1106 2256 1243 2344; x_wconf 82' lang='lat' dir='ltr'>eapitis3</span> 
     </span>
     <span class='ocr_line' id='line_1_18' title="bbox 140 2359 1245 2465; baseline -0.004 -22"><span class='ocrx_word' id='word_1_149' title='bbox 140 2378 218 2447; x_wconf 89' lang='lat' dir='ltr'>item</span> <span class='ocrx_word' id='word_1_150' title='bbox 247 2376 318 2445; x_wconf 76' lang='lat'>001.</span> <span class='ocrx_word' id='word_1_151' title='bbox 344 2381 375 2455; x_wconf 94' lang='grc'>1,</span> <span class='ocrx_word' id='word_1_152' title='bbox 404 2377 444 2440; x_wconf 82' lang='grc'>27</span> <span class='ocrx_word' id='word_1_153' title='bbox 466 2366 516 2459; x_wconf 67' lang='lat' dir='ltr'>zo}</span> <span class='ocrx_word' id='word_1_154' title='bbox 535 2362 632 2446; x_wconf 80' lang='grc' dir='ltr'><strong><em>ἐλπίς</em></strong></span> <span class='ocrx_word' id='word_1_155' title='bbox 658 2372 716 2459; x_wconf 76' lang='grc' dir='ltr'>τῆς</span> <span class='ocrx_word' id='word_1_156' title='bbox 746 2359 861 2465; x_wconf 81' lang='grc' dir='ltr'>δόξης,</span> <span class='ocrx_word' id='word_1_157' title='bbox 890 2381 923 2437; x_wconf 92' lang='lat' dir='ltr'>et</span> <span class='ocrx_word' id='word_1_158' title='bbox 943 2373 961 2438; x_wconf 97' lang='grc' dir='ltr'>Ι</span> <span class='ocrx_word' id='word_1_159' title='bbox 982 2372 1066 2438; x_wconf 83' lang='lat' dir='ltr'><strong>Tim.</strong></span> <span class='ocrx_word' id='word_1_160' title='bbox 1092 2380 1124 2456; x_wconf 85' lang='lat'>1,</span> <span class='ocrx_word' id='word_1_161' title='bbox 1153 2378 1167 2436; x_wconf 98' lang='lat' dir='ltr'>l</span> <span class='ocrx_word' id='word_1_162' title='bbox 1193 2369 1245 2462; x_wconf 77' lang='grc' dir='ltr'><em>εὴ</em></span> 
     </span>
     <span class='ocr_line' id='line_1_19' title="bbox 120 2473 1242 2580; baseline 0 -22"><span class='ocrx_word' id='word_1_163' title='bbox 120 2473 236 2569; x_wconf 56' lang='lat' dir='ltr'>itate</span> <span class='ocrx_word' id='word_1_164' title='bbox 256 2484 361 2580; x_wconf 72' lang='grc' dir='ltr'><strong>ἡμῶν,</strong></span> <span class='ocrx_word' id='word_1_165' title='bbox 390 2492 446 2558; x_wconf 94' lang='lat' dir='ltr'>ubi</span> <span class='ocrx_word' id='word_1_166' title='bbox 473 2480 569 2566; x_wconf 77' lang='grc' dir='ltr'><strong><em>ἐλπίς</em></strong></span> <span class='ocrx_word' id='word_1_167' title='bbox 597 2489 730 2556; x_wconf 87' lang='lat' dir='ltr'>denotat</span> <span class='ocrx_word' id='word_1_168' title='bbox 757 2512 888 2555; x_wconf 81' lang='lat' dir='ltr'>oausam</span> <span class='ocrx_word' id='word_1_169' title='bbox 916 2489 987 2578; x_wconf 85' lang='lat' dir='ltr'>spei</span> <span class='ocrx_word' id='word_1_170' title='bbox 1015 2513 1057 2555; x_wconf 89' lang='lat' dir='ltr'>ex</span> <span class='ocrx_word' id='word_1_171' title='bbox 1083 2498 1161 2555; x_wconf 91' lang='lat' dir='ltr'>noto</span> <span class='ocrx_word' id='word_1_172' title='bbox 1183 2491 1242 2558; x_wconf 91' lang='lat' dir='ltr'>illo</span> 
     </span>
     <span class='ocr_line' id='line_1_20' title="bbox 140 2604 1243 2705; baseline -0.004 -28"><span class='ocrx_word' id='word_1_173' title='bbox 140 2609 296 2703; x_wconf 84' lang='lat' dir='ltr'>loquendi</span> <span class='ocrx_word' id='word_1_174' title='bbox 324 2632 402 2693; x_wconf 82' lang='lat' dir='ltr'>usu,</span> <span class='ocrx_word' id='word_1_175' title='bbox 437 2608 493 2697; x_wconf 91' lang='lat' dir='ltr'>qui</span> <span class='ocrx_word' id='word_1_176' title='bbox 524 2616 703 2697; x_wconf 79' lang='lat' dir='ltr'>praeterea·</span> <span class='ocrx_word' id='word_1_177' title='bbox 725 2607 832 2673; x_wconf 86' lang='lat' dir='ltr'>locum</span> <span class='ocrx_word' id='word_1_178' title='bbox 864 2608 962 2674; x_wconf 89' lang='lat' dir='ltr'>habet</span> <span class='ocrx_word' id='word_1_179' title='bbox 991 2608 1066 2674; x_wconf 85' lang='lat' dir='ltr'>Aet.</span> <span class='ocrx_word' id='word_1_180' title='bbox 1097 2612 1150 2690; x_wconf 87' lang='lat'>16,</span> <span class='ocrx_word' id='word_1_181' title='bbox 1183 2604 1243 2705; x_wconf 71' lang='lat'>19&#39;3</span> 
     </span>
     <span class='ocr_line' id='line_1_21' title="bbox 142 2715 1242 2815; baseline -0.001 -23"><span class='ocrx_word' id='word_1_182' title='bbox 142 2715 159 2792; x_wconf 94' lang='grc' dir='ltr'>Ι1</span> <span class='ocrx_word' id='word_1_183' title='bbox 172 2726 299 2792; x_wconf 75' lang='lat' dir='ltr'>&#39;Thera</span> <span class='ocrx_word' id='word_1_184' title='bbox 324 2732 353 2810; x_wconf 80' lang='grc'>2,</span> <span class='ocrx_word' id='word_1_185' title='bbox 377 2730 414 2790; x_wconf 90' lang='grc'>19</span> <span class='ocrx_word' id='word_1_186' title='bbox 431 2724 470 2812; x_wconf 74' lang='lat'>²).</span> <span class='ocrx_word' id='word_1_187' title='bbox 492 2758 532 2772; x_wconf 92' lang='lat'>·-</span> <span class='ocrx_word' id='word_1_188' title='bbox 553 2724 649 2790; x_wconf 89' lang='lat' dir='ltr'>Patet</span> <span class='ocrx_word' id='word_1_189' title='bbox 675 2724 863 2815; x_wconf 84' lang='lat' dir='ltr'>largitorem</span> <span class='ocrx_word' id='word_1_190' title='bbox 885 2724 1010 2813; x_wconf 84' lang='lat' dir='ltr'>gratiae</span> <span class='ocrx_word' id='word_1_191' title='bbox 1032 2725 1145 2791; x_wconf 92' lang='lat' dir='ltr'>eodem</span> <span class='ocrx_word' id='word_1_192' title='bbox 1166 2725 1242 2791; x_wconf 90' lang='lat' dir='ltr'>iure</span> 
     </span>
     <span class='ocr_line' id='line_1_22' title="bbox 140 2825 1243 2929; baseline 0.001 -21"><span class='ocrx_word' id='word_1_193' title='bbox 140 2825 263 2910; x_wconf 78' lang='lat' dir='ltr'>iontem</span> <span class='ocrx_word' id='word_1_194' title='bbox 284 2842 353 2909; x_wconf 84' lang='lat' dir='ltr'>sive</span> <span class='ocrx_word' id='word_1_195' title='bbox 374 2840 517 2908; x_wconf 87' lang='lat' dir='ltr'>radicem</span> <span class='ocrx_word' id='word_1_196' title='bbox 538 2851 571 2907; x_wconf 92' lang='lat' dir='ltr'>et</span> <span class='ocrx_word' id='word_1_197' title='bbox 592 2840 749 2929; x_wconf 84' lang='lat' dir='ltr'>originem</span> <span class='ocrx_word' id='word_1_198' title='bbox 772 2841 841 2929; x_wconf 84' lang='lat' dir='ltr'>spei</span> <span class='ocrx_word' id='word_1_199' title='bbox 862 2841 1018 2928; x_wconf 81' lang='lat' dir='ltr'>adpellari</span> <span class='ocrx_word' id='word_1_200' title='bbox 1038 2863 1145 2929; x_wconf 81' lang='lat' dir='ltr'>posse,</span> <span class='ocrx_word' id='word_1_201' title='bbox 1174 2864 1243 2929; x_wconf 91' lang='lat' dir='ltr'>quo</span> 
     </span>
     <span class='ocr_line' id='line_1_23' title="bbox 139 2955 1244 3048; baseline 0.001 -24"><span class='ocrx_word' id='word_1_202' title='bbox 139 2959 242 3047; x_wconf 82' lang='lat' dir='ltr'>ipsam</span> <span class='ocrx_word' id='word_1_203' title='bbox 271 2955 419 3048; x_wconf 76' lang='lat' dir='ltr'>gratiam.</span> <span class='ocrx_word' id='word_1_204' title='bbox 471 2957 582 3040; x_wconf 80' lang='lat' dir='ltr'>Quare</span> <span class='ocrx_word' id='word_1_205' title='bbox 610 2959 708 3025; x_wconf 90' lang='lat' dir='ltr'>etiam</span> <span class='ocrx_word' id='word_1_206' title='bbox 736 2961 826 3024; x_wconf 80' lang='lat' dir='ltr'>Deua</span> <span class='ocrx_word' id='word_1_207' title='bbox 853 2958 1016 3024; x_wconf 83' lang='lat' dir='ltr'>interdum</span> <span class='ocrx_word' id='word_1_208' title='bbox 1045 2957 1244 3043; x_wconf 87' lang='lat' dir='ltr'>nominatur,</span> 
     </span>
     <span class='ocr_line' id='line_1_24' title="bbox 46 3074 1243 3165; baseline -0.001 -21"><span class='ocrx_word' id='word_1_209' title='bbox 46 3102 50 3115; x_wconf 73' lang='lat'><strong><em>¹</em></strong></span> <span class='ocrx_word' id='word_1_210' title='bbox 141 3078 197 3144; x_wconf 89' lang='lat' dir='ltr'>ubi</span> <span class='ocrx_word' id='word_1_211' title='bbox 219 3098 323 3146; x_wconf 83' lang='lat' dir='ltr'>sermo</span> <span class='ocrx_word' id='word_1_212' title='bbox 345 3086 395 3144; x_wconf 79' lang='lat' dir='ltr'>est</span> <span class='ocrx_word' id='word_1_213' title='bbox 415 3077 456 3144; x_wconf 90' lang='lat' dir='ltr'>de</span> <span class='ocrx_word' id='word_1_214' title='bbox 477 3076 637 3165; x_wconf 83' lang='lat' dir='ltr'>principio</span> <span class='ocrx_word' id='word_1_215' title='bbox 660 3075 929 3142; x_wconf 83' lang='lat' dir='ltr'>et&#39;fundamento</span> <span class='ocrx_word' id='word_1_216' title='bbox 959 3074 1129 3163; x_wconf 51' lang='lat' dir='ltr'>sperandip</span> <span class='ocrx_word' id='word_1_217' title='bbox 1147 3084 1189 3138; x_wconf 85' lang='lat' dir='ltr'>&#39;v.</span> <span class='ocrx_word' id='word_1_218' title='bbox 1213 3098 1243 3143; x_wconf 89' lang='lat' dir='ltr'>o.</span> 
     </span>
     <span class='ocr_line' id='line_1_25' title="bbox 140 3180 1244 3280; baseline -0.005 -17"><span class='ocrx_word' id='word_1_219' title='bbox 140 3197 235 3263; x_wconf 86' lang='lat' dir='ltr'>Rom.</span> <span class='ocrx_word' id='word_1_220' title='bbox 254 3199 300 3280; x_wconf 78' lang='lat'>15,</span> <span class='ocrx_word' id='word_1_221' title='bbox 325 3201 388 3262; x_wconf 87' lang='lat'>13:</span> <span class='ocrx_word' id='word_1_222' title='bbox 410 3188 428 3261; x_wconf 86' lang='grc' dir='ltr'>ὁ</span> <span class='ocrx_word' id='word_1_223' title='bbox 447 3189 529 3271; x_wconf 71' lang='grc' dir='ltr'>θεὸς</span> <span class='ocrx_word' id='word_1_224' title='bbox 548 3193 607 3280; x_wconf 78' lang='grc' dir='ltr'>τῆς</span> <span class='ocrx_word' id='word_1_225' title='bbox 628 3180 773 3276; x_wconf 76' lang='grc' dir='ltr'>ἐλπίδος,</span> <span class='ocrx_word' id='word_1_226' title='bbox 795 3191 816 3257; x_wconf 90' lang='lat' dir='ltr'>i.</span> <span class='ocrx_word' id='word_1_227' title='bbox 833 3214 861 3257; x_wconf 88' lang='lat' dir='ltr'>e.</span> <span class='ocrx_word' id='word_1_228' title='bbox 876 3192 978 3274; x_wconf 82' lang='lat' dir='ltr'>Deua,</span> <span class='ocrx_word' id='word_1_229' title='bbox 1001 3190 1128 3279; x_wconf 82' lang='lat' dir='ltr'>quidet</span> <span class='ocrx_word' id='word_1_230' title='bbox 1149 3212 1244 3278; x_wconf 83' lang='lat' dir='ltr'>spem</span> 
     </span>
     <span class='ocr_line' id='line_1_26' title="bbox 141 3307 1244 3403; baseline -0.005 -25"><span class='ocrx_word' id='word_1_231' title='bbox 141 3323 174 3378; x_wconf 88' lang='lat' dir='ltr'>et</span> <span class='ocrx_word' id='word_1_232' title='bbox 195 3313 236 3380; x_wconf 84' lang='lat' dir='ltr'>ad</span> <span class='ocrx_word' id='word_1_233' title='bbox 259 3336 355 3403; x_wconf 91' lang='lat' dir='ltr'>quem</span> <span class='ocrx_word' id='word_1_234' title='bbox 376 3311 460 3378; x_wconf 83' lang='lat' dir='ltr'>redit</span> <span class='ocrx_word' id='word_1_235' title='bbox 481 3308 584 3375; x_wconf 82' lang='lat' dir='ltr'>omnis</span> <span class='ocrx_word' id='word_1_236' title='bbox 606 3317 719 3374; x_wconf 77' lang='lat' dir='ltr'>nostm</span> <span class='ocrx_word' id='word_1_237' title='bbox 740 3330 824 3396; x_wconf 81' lang='lat' dir='ltr'>spes,</span> <span class='ocrx_word' id='word_1_238' title='bbox 851 3307 907 3397; x_wconf 93' lang='lat' dir='ltr'>qui</span> <span class='ocrx_word' id='word_1_239' title='bbox 927 3315 978 3373; x_wconf 84' lang='lat' dir='ltr'>est</span> <span class='ocrx_word' id='word_1_240' title='bbox 998 3315 1112 3372; x_wconf 85' lang='lat' dir='ltr'>auctor</span> <span class='ocrx_word' id='word_1_241' title='bbox 1133 3307 1244 3373; x_wconf 85' lang='lat' dir='ltr'>aimul-</span> 
     </span>
     <span class='ocr_line' id='line_1_27' title="bbox 143 3412 1244 3520; baseline -0.006 -24"><span class='ocrx_word' id='word_1_242' title='bbox 143 3453 207 3520; x_wconf 89' lang='lat' dir='ltr'>que</span> <span class='ocrx_word' id='word_1_243' title='bbox 227 3431 301 3496; x_wconf 79' lang='lat' dir='ltr'>finis</span> <span class='ocrx_word' id='word_1_244' title='bbox 316 3429 586 3517; x_wconf 83' lang='lat' dir='ltr'>&#39;expectationum</span> <span class='ocrx_word' id='word_1_245' title='bbox 603 3434 797 3492; x_wconf 84' lang='lat' dir='ltr'>nostrarum.</span> <span class='ocrx_word' id='word_1_246' title='bbox 839 3426 891 3492; x_wconf 90' lang='lat' dir='ltr'>Ibi</span> <span class='ocrx_word' id='word_1_247' title='bbox 913 3448 983 3491; x_wconf 85' lang='lat' dir='ltr'>voe.</span> <span class='ocrx_word' id='word_1_248' title='bbox 999 3412 1094 3501; x_wconf 78' lang='grc' dir='ltr'><strong><em>ἐλπίς</em></strong></span> <span class='ocrx_word' id='word_1_249' title='bbox 1108 3423 1244 3514; x_wconf 85' lang='lat' dir='ltr'>plenum</span> 
     </span>
     <span class='ocr_line' id='line_1_28' title="bbox 143 3542 1245 3632; baseline -0.005 -19"><span class='ocrx_word' id='word_1_250' title='bbox 143 3569 238 3613; x_wconf 82' lang='lat' dir='ltr'>auum</span> <span class='ocrx_word' id='word_1_251' title='bbox 258 3546 507 3613; x_wconf 78' lang='lat' dir='ltr'>aeaollemnem</span> <span class='ocrx_word' id='word_1_252' title='bbox 529 3544 674 3610; x_wconf 89' lang='lat' dir='ltr'>obtinere</span> <span class='ocrx_word' id='word_1_253' title='bbox 700 3566 839 3626; x_wconf 82' lang='lat' dir='ltr'>sensum,</span> <span class='ocrx_word' id='word_1_254' title='bbox 862 3565 926 3631; x_wconf 93' lang='lat' dir='ltr'>quo</span> <span class='ocrx_word' id='word_1_255' title='bbox 948 3542 1148 3632; x_wconf 83' lang='lat' dir='ltr'>praeclaram</span> <span class='ocrx_word' id='word_1_256' title='bbox 1170 3543 1245 3608; x_wconf 91' lang='lat' dir='ltr'>bea·</span> 
     </span>
     <span class='ocr_line' id='line_1_29' title="bbox 143 3635 1245 3752; baseline -0.004 -22"><span class='ocrx_word' id='word_1_257' title='bbox 143 3650 276 3752; x_wconf 67' lang='lat' dir='ltr'>tamque</span> <span class='ocrx_word' id='word_1_258' title='bbox 298 3663 387 3729; x_wconf 91' lang='lat' dir='ltr'>illam</span> <span class='ocrx_word' id='word_1_259' title='bbox 409 3684 501 3750; x_wconf 82' lang='lat' dir='ltr'>spem</span> <span class='ocrx_word' id='word_1_260' title='bbox 516 3659 774 3730; x_wconf 79' lang='lat' dir='ltr'>Christianorum</span> <span class='ocrx_word' id='word_1_261' title='bbox 793 3635 958 3746; x_wconf 84' lang='lat' dir='ltr'>propriam</span> <span class='ocrx_word' id='word_1_262' title='bbox 973 3656 1132 3745; x_wconf 62' lang='lat' dir='ltr'>designet</span> <span class='ocrx_word' id='word_1_263' title='bbox 1155 3666 1245 3726; x_wconf 85' lang='lat' dir='ltr'>recte</span> 
     </span>
    </p>
   </div>
   <div class='ocr_carea' id='block_1_4' title="bbox 218 3946 874 4022">
    <p class='ocr_par' dir='ltr' id='par_1_5' title="bbox 218 3946 874 4022">
     <span class='ocr_line' id='line_1_30' title="bbox 218 3946 874 4022; baseline -0.006 -19"><span class='ocrx_word' id='word_1_264' title='bbox 218 3954 236 4019; x_wconf 87' lang='lat'>¹)</span> <span class='ocrx_word' id='word_1_265' title='bbox 255 3948 390 4022; x_wconf 74' lang='lat' dir='ltr'>Cia-quae</span> <span class='ocrx_word' id='word_1_266' title='bbox 407 3948 536 4005; x_wconf 80' lang='lat' dir='ltr'>adnotavit</span> <span class='ocrx_word' id='word_1_267' title='bbox 554 3949 746 4000; x_wconf 77' lang='lat' dir='ltr'>Luuemanu.</span> <span class='ocrx_word' id='word_1_268' title='bbox 765 3946 839 4000; x_wconf 84' lang='lat' dir='ltr'>adh.</span> <span class='ocrx_word' id='word_1_269' title='bbox 858 3949 874 4000; x_wconf 92' lang='grc' dir='ltr'>Ι.</span> 
     </span>
    </p>
   </div>
   <div class='ocr_carea' id='block_1_5' title="bbox 143 4061 1245 4329">
    <p class='ocr_par' dir='ltr' id='par_1_6' title="bbox 143 4061 1245 4329">
     <span class='ocr_line' id='line_1_31' title="bbox 215 4061 1245 4147; baseline 0 -23"><span class='ocrx_word' id='word_1_270' title='bbox 215 4072 239 4138; x_wconf 82' lang='lat'>¹)</span> <span class='ocrx_word' id='word_1_271' title='bbox 259 4069 352 4124; x_wconf 80' lang='lat' dir='ltr'>Contra</span> <span class='ocrx_word' id='word_1_272' title='bbox 376 4068 491 4122; x_wconf 71' lang='lat' dir='ltr'>liheea.</span> <span class='ocrx_word' id='word_1_273' title='bbox 511 4069 534 4131; x_wconf 82' lang='lat'>1,</span> <span class='ocrx_word' id='word_1_274' title='bbox 554 4067 571 4119; x_wconf 84' lang='grc'>3</span> <span class='ocrx_word' id='word_1_275' title='bbox 594 4062 619 4145; x_wconf 69' lang='lat' dir='ltr'>(q‘</span> <span class='ocrx_word' id='word_1_276' title='bbox 645 4061 762 4147; x_wconf 68' lang='grc' dir='ltr'>ιλπομονή</span> <span class='ocrx_word' id='word_1_277' title='bbox 785 4065 831 4144; x_wconf 70' lang='grc' dir='ltr'>τῆς</span> <span class='ocrx_word' id='word_1_278' title='bbox 856 4068 963 4136; x_wconf 74' lang='grc' dir='ltr'><strong><em>ἐλπίδος</em></strong></span> <span class='ocrx_word' id='word_1_279' title='bbox 989 4065 1040 4123; x_wconf 62' lang='grc' dir='ltr'>(οὗ</span> <span class='ocrx_word' id='word_1_280' title='bbox 1061 4073 1147 4144; x_wconf 75' lang='lat' dir='ltr'>uvpiov</span> <span class='ocrx_word' id='word_1_281' title='bbox 1173 4061 1245 4146; x_wconf 76' lang='grc' dir='ltr'>ἡμὸν</span> 
     </span>
     <span class='ocr_line' id='line_1_32' title="bbox 143 4160 1244 4243; baseline -0.005 -24"><span class='ocrx_word' id='word_1_282' title='bbox 143 4160 161 4222; x_wconf 84' lang='lat'>&#39;1</span> <span class='ocrx_word' id='word_1_283' title='bbox 177 4167 244 4243; x_wconf 70' lang='lat' dir='ltr'>Xp.)</span> <span class='ocrx_word' id='word_1_284' title='bbox 264 4161 376 4218; x_wconf 74' lang='lat' dir='ltr'>Christus</span> <span class='ocrx_word' id='word_1_285' title='bbox 397 4163 477 4216; x_wconf 78' lang='lat' dir='ltr'>aeluro</span> <span class='ocrx_word' id='word_1_286' title='bbox 501 4173 541 4218; x_wconf 82' lang='lat' dir='ltr'>eat</span> <span class='ocrx_word' id='word_1_287' title='bbox 558 4162 682 4216; x_wconf 84' lang='lat' dir='ltr'>obiectum</span> <span class='ocrx_word' id='word_1_288' title='bbox 700 4165 770 4230; x_wconf 73' lang='lat' dir='ltr'>spei,</span> <span class='ocrx_word' id='word_1_289' title='bbox 794 4163 834 4215; x_wconf 82' lang='lat' dir='ltr'>vei</span> <span class='ocrx_word' id='word_1_290' title='bbox 854 4165 989 4231; x_wconf 81' lang='lat' dir='ltr'>praecipue</span> <span class='ocrx_word' id='word_1_291' title='bbox 1007 4162 1107 4224; x_wconf 67' lang='grc' dir='ltr'>πλείης</span> <span class='ocrx_word' id='word_1_292' title='bbox 1133 4163 1244 4228; x_wconf 76' lang='lat' dir='ltr'>inprimi·</span> 
     </span>
     <span class='ocr_line' id='line_1_33' title="bbox 145 4240 1036 4329; baseline -0.011 -13"><span class='ocrx_word' id='word_1_293' title='bbox 145 4261 210 4317; x_wconf 83' lang='lat' dir='ltr'>enim</span> <span class='ocrx_word' id='word_1_294' title='bbox 228 4260 252 4311; x_wconf 85' lang='lat' dir='ltr'>h.</span> <span class='ocrx_word' id='word_1_295' title='bbox 271 4260 287 4312; x_wconf 91' lang='grc' dir='ltr'>Ι.</span> <span class='ocrx_word' id='word_1_296' title='bbox 306 4240 438 4327; x_wconf 81' lang='lat' dir='ltr'>reapioitur</span> <span class='ocrx_word' id='word_1_297' title='bbox 455 4258 556 4329; x_wconf 74' lang='lat' dir='ltr'>pararit</span> <span class='ocrx_word' id='word_1_298' title='bbox 574 4248 682 4310; x_wconf 82' lang='lat' dir='ltr'>Domini.</span> <span class='ocrx_word' id='word_1_299' title='bbox 718 4256 770 4309; x_wconf 71' lang='lat' dir='ltr'>Gir.</span> <span class='ocrx_word' id='word_1_300' title='bbox 785 4257 909 4310; x_wconf 77' lang='lat' dir='ltr'>Lunam.</span> <span class='ocrx_word' id='word_1_301' title='bbox 927 4255 959 4309; x_wconf 85' lang='grc' dir='ltr'>ιδ</span> <span class='ocrx_word' id='word_1_302' title='bbox 976 4255 1000 4308; x_wconf 90' lang='lat' dir='ltr'>h.</span> <span class='ocrx_word' id='word_1_303' title='bbox 1017 4254 1036 4307; x_wconf 85' lang='lat'>1.</span> 
     </span>
    </p>
   </div>
   <div class='ocr_carea' id='block_1_6' title="bbox 0 0 1407 4724">
    <p class='ocr_par' dir='ltr' id='par_1_7' title="bbox 0 0 1407 4724">
     <span class='ocr_line' id='line_1_34' title="bbox 0 0 1407 4724; baseline 0 0"><span class='ocrx_word' id='word_1_304' title='bbox 0 0 1407 4724; x_wconf 95' lang='lat' dir='ltr'> </span> 
     </span>
    </p>
   </div>
  </div>
 </body>
</html>
