2782 4724
671 325 713 389 44

146 512 317 621 rerumque
338 531 480 599 nondum
503 531 721 620 praesentium
743 530 985 619 expectatione3
1016 531 1113 598 simili
1133 533 1245 616 modo,

146 673 210 736 quo
224 649 319 715 Rom.
330 655 359 732 8,
367 655 416 714 24.
425 655 464 713 25
480 672 554 737 spes
568 649 762 716 describitur
775 649 950 738 praecipua
973 671 1084 715 aarum
1100 651 1246 738 partium

146 766 255 832 habita
281 768 420 852 ratione,
454 791 534 856 quas
565 766 722 832 cumfide
744 747 1105 851 communeshabet1).
1127 769 1245 834 -Ita

145 892 254 951 nostro
277 907 411 973 quoque
427 885 497 950 loco
519 883 786 951 verisimillimum
808 882 904 966 duco,
928 882 1061 948 Petrum
1082 883 1184 948 fidem
1205 907 1245 949 ea

146 1009 301 1088 exparte
323 999 505 1066 describere
526 1001 677 1083 voluisse,
700 1023 765 1089 qua
785 999 932 1087 protinus
954 999 1153 1065 infuturum
1176 1009 1246 1066 ten·

146 1117 201 1186 dat
229 1127 261 1183 et
288 1118 373 1183 ultra
393 1114 576 1205 explicetur
596 1124 694 1205 atque
716 1116 900 1198 evolvatur,
931 1124 968 1179 ut
988 1115 1034 1181 ita
1056 1116 1176 1200 dicam,
1195 1116 1246 1184 'in

147 1257 238 1324 spem
258 1234 385 1321 gratiae
404 1256 441 1298 ac
459 1234 576 1298 salutis
598 1241 767 1316 aeternae,
802 1232 995 1320 praesertim
1022 1246 1123 1321 quum
1148 1233 1244 1301 initio

145 1351 244 1418 totius
265 1348 444 1415 sententiae
456 1399 465 1434 ,
488 1372 571 1439 quae
592 1349 643 1430 hic
666 1349 821 1437 explicit,
843 1372 941 1415 versu
966 1351 1002 1414 17
1025 1350 1165 1433 scilicet,
1189 1374 1245 1418 ex.-

139 1468 270 1535 .ordium
285 1467 451 1549 sumsisset
467 1467 605 1555 scriptor
620 1490 638 1531 a
654 1489 711 1554 spe
732 1468 862 1534 futurae
883 1466 1092 1550 habitationis
1110 1477 1244 1535 nostrae

143 1578 190 1650 in,¹
205 1583 371 1669 mansione
400 1583 540 1647 coelesti.
575 1582 633 1650 ,Eo
664 1583 750 1648 enim
773 1592 898 1670 spectat
918 1607 989 1652 voc.
1010 1580 1174 1669 παροικία
1196 1607 1246 1651 ae-

133 1675 283 1775 ¹cundum
314 1699 511 1786 singularem
543 1699 645 1781 Petri-
670 1723 765 1765 usum
800 1709 898 1790 atque
936 1701 1116 1767 doctrinam
1144 1725 1151 1765 :
1182 1702 1243 1768 cfr.

143 1840 217 1903 cap,
237 1822 265 1900 2,
290 1817 380 1902 112).
402 1818 534 1883 -Iam
557 1817 584 1881 si
604 1826 691 1885 reete
713 1839 748 1882 se
768 1818 866 1884 habet
886 1818 966 1883 hacc
986 1819 1050 1883 loci
1070 1818 1175 1883 nostri
1195 1819 1245 1903 ing

141 1933 340 2022 terpretatio,
356 1957 392 1999 re
407 1957 486 2001 vera
505 1957 579 2012 cum
598 1933 770 2000 Weissio
793 1935 840 2021 (p.
856 1935 911 2019 44)
927 1934 1034 2001 dicere
1049 1935 1241 2027 poterimus,

140 2050 240 2140 iidem
259 2051 356 2117 Petro
385 2051 477 2139 quasi
498 2051 592 2117 basin
613 2074 649 2116 ac
662 2051 951 2141 ,praeparationem
973 2051 1044 2138 spei
1065 2074 1152 2136 esse,
1184 2076 1244 2120 seu

140 2144 386 2233 itrndamentum
409 2176 442 2232 et
463 2169 576 2251 solum,
593 2172 641 2234 'ex
660 2191 726 2256 quo
748 2167 930 2234 efflorescat
951 2190 1044 2254 spes,
1057 2168 1148 2233 ‘hanc
1162 2191 1245 2234 vero

147 2285 250 2373 ipsam
277 2285 410 2373 proprie
439 2286 468 2350 oi
496 2283 599 2349 videri
629 2307 787 2351 summam
808 2293 841 2349 et
862 2295 1009 2364 centrum
1030 2294 1246 2372 regeneratae

144 2399 402 2467 Christianorum
435 2376 531 2466 vitae.
584 2399 692 2468 Causa
726 2423 819 2485 vero,
861 2410 996 2489 propter
1029 2424 1126 2490 quam
1160 2392 1249 2494 haec¹

142 2517 355 2585 commutatio
369 2516 446 2583 fidei
460 2516 500 2581 in
522 2539 614 2603 spem
634 2516 681 2600 fit,
702 2539 816 2596 rursus
837 2527 887 2582 est
907 2517 1100 2583 resurrectio
1116 2514 1241 2584 Christi

64 2691 66 2702 .
137 2656 185 2710 ex
207 2618 344 2713 mortuis
365 2656 431 2700 una
453 2656 526 2698 cum
547 2634 616 2699 eius
637 2614 886 2721 glorificatione,
908 2634 1000 2701 cuius
1022 2644 1136 2701 auctor
1156 2657 1241 2701 surn-

142 2760 280 2836 mus-est
294 2751 395 2818 Deus
408 2749 621 2838 omnipotens.
663 2751 705 2818 In
725 2752 811 2817 hunc
833 2752 934 2839 igitur
954 2761 987 2816 et
1007 2750 1087 2817 fides
1110 2760 1143 2847 et
1161 2776 1244 2841 spes

141 2868 325 2935 indenata
347 2855 390 2933 ad
419 2880 599 2933 extremum
620 2852 714 2934 redit.
757 2868 927 2934 Habemus
954 2867 1056 2955 igitur
1089 2868 1244 2958 quodam·

141 2984 237 3067 modo
263 2984 426 3072 triplicem
454 2984 525 3072 spei
553 2962 746 3050 christianae
768 3008 900 3051 causam
918 2968 1092 3051 indicatam
1106 2985 1146 3051 'in
1167 3009 1242 3078 vau,

141 3111 263 3184 nostro,
284 3102 424 3189 primum
446 3102 591 3167 absolute
606 3102 797 3188 ffcieatem,
820 3124 902 3191 quae
924 3111 973 3168 est
991 3103 1102 3187 Deus3
1124 3102 1243 3170 deinde

143 3219 236 3306 quasi
256 3219 495 3305 applicaaicem
516 3242 541 3284 s.
564 3221 788 3301 medietariam,
811 3220 1079 3285 resurrectionem
1100 3219 1244 3301 Christi3

138 3335 282 3425 1denique
313 3344 424 3401 nostra
453 3358 494 3400 ex
521 3343 615 3423 parte
645 3337 930 3422 apprehendentem,
968 3358 1051 3425 quae
1083 3345 1133 3401 est
1157 3337 1241 3438 fides

143 3442 349 3538 (ὑπόστασις
373 3448 629 3538 ἐλπιζομένων).
681 3451 737 3519 Sic
766 3452 864 3519 etiam
889 3452 924 3518 in
953 3452 1062 3541 priore
1089 3453 1144 3518 illo
1169 3452 1241 3520 loco

142 3592 214 3657 cap.
238 3573 264 3653 l,
286 3575 305 3633 3
333 3569 394 3635 hae
422 3579 488 3636 tres
515 3592 632 3636 causae
661 3570 869 3636 adumbratae
898 3578 1026 3653 extant3
1057 3594 1131 3636 nam
1157 3570 1242 3640 illud

141 3675 354 3773 dacydvrpooc
382 3688 517 3754 eandem
538 3688 701 3775 significat
725 3710 811 3768 rem,
840 3710 924 3775 quae
945 3711 994 3753 vs.
1017 3693 1053 3752 21
1078 3688 1241 3759 indicatur

215 3968 233 4034 ¹)
251 3963 302 4020 co.
317 3969 391 4020 etism
407 3965 431 4018 11
441 3965 507 4019 'Coa
525 3963 578 4029 3,7
597 3984 603 4015 :
623 3960 668 4021 ded
683 3971 794 4035 πίστεως
810 3938 1012 4044 aspaaaroipsv,
1032 3959 1062 4022 ori
1079 3961 1125 4022 deci
1141 3957 1237 4036 εἴδους,

141 4061 184 4113 ubi
201 4066 300 4130 πίστις,
328 4061 441 4115 similiter
459 4077 489 4113 ac
511 4061 584 4113 liebr-
603 4058 644 4123 11,
665 4059 675 4111 i
699 4062 726 4112 io
750 4063 892 4117 universum
916 4064 1015 4130 respicit
1036 4079 1076 4114 res
1099 4061 1270 4115 invisibiles.

142 4156 264 4223 simulque
281 4164 412 4223 speratas,
424 4171 500 4236 quum
518 4156 668 4207 contrarium
686 4156 719 4208 sit
738 4156 815 4222 ipsius
833 4155 920 4225 harum
939 4172 1020 4209 rorum
1038 4166 1197 4226 conspectus.

188 4286 191 4311 2
213 4277 233 4342 ²)
252 4274 318 4326 Vide
335 4271 483 4342 iotrstcsp,
501 4273 531 4338 V,
549 4284 575 4326 et
594 4245 710 4328 Weifst
723 4274 739 4326 Ι.
757 4296 780 4330 c.
799 4292 857 4343 osg-
874 4275 917 4328 30.
