2782 4724
607 328 646 391 26

520 419 717 429 -ιι-

70 545 234 627 quatenus
262 536 459 607 contrarium
487 534 680 602 dubitationi
701 533 937 617 consideratur,
972 541 1021 601 est
1048 529 1170 615 βεβαία

72 652 125 738 (Π
148 651 223 719 Cor.
247 657 274 735 1,
295 650 349 738 6),
376 654 429 720 vel
458 640 610 741 α’σφαλὴς
629 651 746 737 (Hebr.
770 655 867 732 6,18.
892 651 944 735 19)
975 650 1001 737 ).
1023 688 1062 699 ·-
1084 651 1171 719 Veli·

72 769 205 834 dissime
246 769 386 857 denique
426 780 458 835 et
498 769 691 857 gravissima
730 767 861 856 negatio
900 769 970 856 spei
1011 768 1172 834 indicatur

71 886 202 952 notione
217 885 417 971 desperandi.
454 887 540 952 Nam
556 887 612 974 qui
627 886 777 972 desperat
791 868 834 950 de
847 885 956 973 aliqua
977 907 1021 967 re,
1044 908 1171 953 omnem

69 1003 181 1070 abiicit
210 1026 302 1090 spem
331 1027 368 1069 ac
398 1003 564 1086 fiduciam,
596 1002 666 1068 fieri
692 1023 807 1088 posse,
850 1001 937 1089 quod
959 1003 1171 1088 exspectavit.

69 1120 183 1206 Atque
203 1119 270 1185 iam
291 1141 392 1208 supra
414 1120 534 1186 dictum
556 1129 614 1206 est,
637 1119 749 1184 deesse
769 1119 803 1184 in
825 1119 868 1184 N.
888 1118 952 1209 ιΤο.
976 1119 1170 1185 vocabulum

69 1247 139 1303 tam
161 1236 280 1303 directe
302 1237 428 1303 notioni
450 1236 601 1326 sperandi
629 1237 841 1319 contrarium,
874 1261 946 1303 cum
968 1227 1172 1342 »α’πελπίζειν

71 1354 155 1421 Luc.
178 1358 206 1437 6,
225 1356 263 1418 36
293 1354 391 1420 aliam
420 1355 538 1420 habeat
565 1355 740 1420 notionem.
785 1353 907 1421 Sensus
930 1364 1037 1420 tamen
1059 1356 1171 1444 despe
1223 1399 1227 1404 -

72 1471 165 1536 randi
184 1471 252 1536 fere
274 1471 468 1558 exprimitur
488 1470 562 1537 Act.
578 1474 629 1556 27,
646 1478 687 1536 20
708 1472 871 1538 locutione
893 1496 901 1537 ε
923 1468 1040 1539 λοιπὸν
1060 1495 1172 1561 rreprp

69 1592 161 1674 petro
181 1578 278 1664 ἐλπὶς
299 1588 474 1654 reductori
494 1583 790 1678 σω’ζςσθαι’ἠμᾶς.
1071 1674 1082 1691 ,

152 1701 233 1770 Iam'
250 1705 311 1772 hoc
339 1706 414 1771 beree
436 1730 567 1792 sperare
595 1708 772 1774 secundum
802 1708 944 1773 omnium
966 1707 1168 1776 Graecorum

68 1830 177 1888 nsum'
190 1801 280 1888 duas*
298 1822 435 1890 involvit
461 1825 609 1891 notiones
636 1826 832 1913 principales
854 1849 862 1889 ε
884 1827 1019 1891 alteram
1038 1848 1171 1913 prospe·

69 1939 196 2022 etandi,
239 1940 376 2006 alteram
407 1943 640 2029 perseverandi
670 1943 704 2008 in
736 1942 984 2031 prospectando.
1035 1939 1173 2030 Semper

71 2057 165 2139 enim,
188 2057 336 2123 sisermc
351 2067 401 2124 est
419 2059 460 2124 de
482 2060 641 2146 sperando
663 2059 715 2124 vel
738 2060 968 2146 exspectando,
991 2059 1054 2125 du'o
1077 2060 1172 2126 simul

72 2174 392 2263 comprehenduntur
410 2176 542 2241 notione
564 2199 572 2240 ε
594 2184 761 2262 respectus
783 2175 911 2254 obiecti,
933 2176 975 2242 ad
996 2176 1083 2264 quod
1103 2186 1171 2244 ten·

71 2291 120 2356 dit
141 2292 360 2380 exspectatio,
390 2301 424 2359 et
451 2302 619 2380 respectus
640 2293 741 2380 ipsius
772 2302 863 2358 ectus
896 2276 1064 2380 sperandi,
1101 2294 1170 2360 sive

72 2409 261 2492 voluntatis,
283 2409 352 2475 sive
374 2431 487 2475 sensus
509 2410 715 2497 appetitusve
739 2419 845 2475 actum
869 2433 942 2476 eum
964 2410 1118 2476 dicamus.
1131 2446 1172 2459 -·

70 2523 140 2594 Ofr.
178 2527 321 2592 adnotat.
360 2527 507 2615 proxime
544 2527 804 2611 antecedentem,
848 2535 882 2592 et
918 2550 1017 2614 supra
1054 2550 1125 2614 cep.
1153 2528 1172 2593 Ι

71 2653 155 2709 extr.
177 2682 217 2693 -
238 2643 497 2710 Discernendum
526 2668 604 2711 vero
633 2654 684 2711 est
712 2645 797 2712 inter
826 2667 920 2711 usum
940 2645 1172 2711 vocabulorum

62 2747 167 2834 ε’λπὶς
187 2768 220 2825 et
239 2752 366 2840 ἐλπίζω
387 2763 557 2850 palparem,
591 2785 655 2850 quo
678 2762 718 2828 ad
740 2771 893 2828 externae
916 2764 1019 2827 solum
1041 2785 1079 2828 ac
1099 2785 1171 2851 pro·

67 2874 161 2942 ianas
182 2898 236 2942 res
258 2876 457 2962 referuntur,
485 2888 517 2943 et
536 2878 621 2943 inter
641 2880 824 2966 relipe'osum
847 2902 871 2944 s.
894 2880 1093 2965 deceptura,
1117 2881 1172 2964 qui

50 3094 372 3104 .—--—-—-—-—-.

143 3265 163 3327 ¹)
182 3263 236 3316 iiuc
264 3247 373 3334 pertinet
404 3267 488 3320 brevis
510 3268 568 3331 iile,
592 3262 659 3338 quse
686 3267 790 3333 dicitur,
823 3268 934 3321 definitio
958 3264 1028 3338 verbi
1045 3256 1171 3336 'dirigam

69 3374 145 3428 qnam
169 3356 263 3412 Penius
292 3363 425 3430 proposuit
446 3361 516 3416 Rom.
533 3361 558 3424 8,
575 3361 609 3414 25
628 3381 635 3413 z
657 3371 679 3418 ei
701 3357 751 3439 peip
773 3359 788 3418 d
812 3357 842 3418 od
868 3365 1004 3440 βλέπομεν
1026 3353 1170 3439 Umidum,

67 3452 108 3507 δι’
136 3445 304 3533 ὑπομονῆς
331 3446 614 3536 ἀπεκδεχόμεθα,
642 3457 685 3509 ubi
709 3456 971 3525 sumendumquidern
989 3464 1041 3518 err,
1066 3471 1171 3510 revers

65 3547 215 3622 appstolum,
231 3550 363 3602 essentiam
380 3552 434 3619 spei
452 3550 595 3605 describere
612 3552 723 3604 votuisse
740 3549 813 3616 (falsu
831 3553 897 3606 enirn
915 3560 952 3604 eat
969 3551 1068 3617 opinio,
1097 3566 1171 3621 quen

66 3639 183 3695 nonnulii
207 3650 321 3705 tuentur,
351 3637 560 3725 ἀτεκδιχόμεθα
583 3645 730 3727 vertendum
759 3662 815 3698 esse
828 3655 841 3696 ’.·
861 3650 1002 3714 exspectare
1029 3645 1170 3728 dederam

66 3742 239 3827 memorantur
268 3737 333 3790 euim
363 3737 413 3791 duo
443 3738 581 3802 elementa,
615 3756 646 3793 ex
674 3740 764 3808 quibos
795 3743 940 3794 necessario
972 3751 1070 3795 constet
1091 3740 1171 3793 omnir

66 3838 126 3896 spes
150 3847 157 3878 r
187 3826 308 3905 patientia
340 3834 393 3885 scil.
429 3843 454 3885 et
484 3835 579 3887 obtutus
613 3836 642 3885 in
673 3836 785 3900 feriarum
819 3853 960 3889 conversus·
1018 3834 1064 3900 (V.
1094 3848 1171 3902 supra

66 3920 157 3990 coppi
174 3927 269 3990 extr.)
327 3926 383 3980 Non
414 3936 497 3982 temen
526 3929 630 3984 dixerim
653 3928 760 3983 Paulum
790 3929 960 3983 definitionem
987 3930 1041 3997 spei
1068 3930 1170 3996 proprio

66 4033 142 4073 sensu
172 4034 313 4086 proponere
330 4021 458 4085 ,voluisse
483 4023 506 4075 h.
533 4024 567 4088 l.‚
598 4025 623 4076 id
654 4025 722 4095 quod
752 4023 919 4095 Weiieius
943 4023 973 4087 (l.
992 4023 1008 4073 i.
1035 4038 1091 4090 pag.
1115 3993 1171 4095 666

67 4112 151 4183 eliqua
194 4115 292 4167 ratione
328 4114 485 4168 contendere
517 4117 624 4170 videtur.
679 4117 740 4169 Nem
774 4134 806 4170 ne
844 4117 919 4170 liebr.
944 4113 992 4180 11,
1018 4113 1029 4164 1
1071 4115 1171 4185 quidem

66 4208 155 4260 stricto
182 4210 257 4260 sensu
284 4208 397 4283 definitio
421 4210 541 4262 vocabuli
565 4216 657 4279 πίστις
674 4210 811 4264 exhibetur.
860 4212 888 4262 V.
915 4207 1012 4263 Bleek
1038 4207 1069 4260 ed
1091 4208 1116 4260 ir.
1142 4206 1175 4272 ¹⁷3

68 4298 180 4356 ticine
194 4301 355 4356 servittem.
373 4301 393 4366 1,
413 4320 438 4374 p.
454 4301 514 4356 55⁴.
