2782 4724
685 306 806 370 37·

151 513 283 582 demum
312 512 557 581 resurrectionis
584 535 659 601 spes
692 513 805 580 intime
832 512 1008 580 cohaerens
1044 524 1077 580 et
1106 523 1257 608 concreta

113 630 116 638 ’
153 657 227 699 cum
249 629 530 719 expectationibus
552 630 688 696 devoro
709 629 830 696 Messia
845 629 980 719 eiusque
995 655 1098 719 regno
1113 642 1255 715 aeterno,

154 749 255 837 digna
276 758 346 814 eret
367 764 404 822 ae
426 747 574 833 legitima
594 731 792 813 continuatio
811 747 883 834 spei
900 747 986 812 illius
1001 747 1257 817 demortuorum

154 866 406 948 resurrectione,
436 887 519 953 quae
550 865 679 930 omnino
707 863 879 950 peculiaris
908 862 1065 951 quaedam
1087 875 1165 930 nota
1185 865 1257 931 reli·

152 982 261 1070 gionis
282 981 325 1048 V.
348 981 400 1047 Ti.
421 980 579 1068 appellari
601 989 709 1067 potest
729 979 765 1065 ¹).
807 980 841 1046 N
843 1004 894 1077 am
922 1003 988 1046 non
1015 981 1105 1046 exilii
1127 980 1257 1049 demum

151 1098 356 1188 temporibus
377 1109 465 1164 ortas
488 1120 558 1163 esse
581 1084 750 1184 opiniones
773 1096 813 1162 de
837 1097 943 1162 carnis
965 1097 1201 1163 resurrectione
1223 1098 1256 1163 in

152 1216 199 1281 V.
221 1192 282 1281 To.
303 1215 572 1280 verisimillimum
592 1209 670 1278 mihi
690 1213 832 1279 reddidit
857 1214 1062 1280 Hofmannus
1086 1214 1148 1297 eis,
1172 1237 1255 1302 quae

159 1329 312 1399 Schriftb.
333 1333 397 1398 vol.
418 1331 482 1414 HI,
507 1335 663 1419 pag.·461
688 1354 781 1418 squu.
804 1331 979 1417 congessit,
1001 1331 1212 1419 argumentis.

238 1448 372 1515 Praeter
392 1447 663 1514 resurrectionem
681 1447 893 1534 praecipuum
915 1447 985 1534 spei
1002 1448 1131 1535 piorum
1144 1448 1186 1512 V.
1202 1446 1254 1512 Τί.

155 1566 317 1632 obiectum
338 1574 408 1649 erat
428 1566 585 1629 consolatio
608 1572 640 1628 et
662 1565 820 1647 recreatio,
841 1587 907 1629 una
926 1588 999 1629 cum
1014 1564 1157 1632 adventu
1171 1564 1255 1631 Mes·
1351 1603 1355 1611 ·

153 1684 224 1749 siae
253 1683 404 1771 promissi
437 1679 648 1769 expectanda.
708 1677 818 1760 Quare
856 1681 936 1746 hacc
964 1690 1111 1769 tempora
1143 1680 1255 1746 salutis

152 1799 338 1878 Messianae
350 1799 468 1865 Petrus
478 1797 551 1862 Act.
568 1803 597 1879 3,
613 1803 653 1861 20
667 1806 763 1862 vocat
778 1791 957 1882 καιρούς
978 1787 1256 1888 α’ναψύξεως,·

154 1917 214 1982 cfr.
246 1903 509 1980 ruscimannus
542 1913 610 1978 sive
650 1902 957 1998 σαββατισμόν,
994 1915 1050 2005 qui
1080 1913 1257 1980 secundum

153 2032 258 2098 Hebr.
273 2038 303 2115 4,
328 2037 355 2097 1.
378 2036 396 2096 9
418 2031 517 2096 instat
539 2031 630 2117 genti
644 2030 718 2095 Dei.
762 2030 915 2117 Inprimis
937 2052 1014 2095 vero
1034 2030 1098 2095 huc
1113 2029 1257 2117 pertinet

153 2135 423 2234 napsiniacus
451 2147 522 2212 τοῦ
547 2136 721 2232 Ἰσραήλ,
759 2170 855 2235 quam
887 2144 1029 2234 Symeon
1062 2126 1257 2234 expectabat

114 2286 118 2290 ’
154 2275 304 2333 extremo
333 2275 407 2332 ante
438 2264 603 2332 Christum
631 2273 742 2330 natum
767 2258 912 2351 tempore
933 2264 1014 2329 Luc.
1038 2269 1071 2346 2,
1101 2265 1150 2329 25.
1194 2264 1256 2331 Est

142 2382 236 2475 'haec
255 2382 374 2448 locutio
395 2380 623 2469 metaphorica¹
636 2390 669 2447 et
689 2381 832 2469 poetica,
855 2380 1026 2469 desumpta
1046 2403 1089 2445 ex
1110 2381 1180 2448 des.
1204 2383 1254 2464 57,
1299 2434 1301 2437 ,

144 2504 212 2583 ¹183
233 2499 290 2564 cfr,
306 2522 377 2586 cap.
390 2504 443 2593 j40,
465 2503 499 2576 2;
521 2501 570 2581 51,
593 2503 632 2574 3;
655 2499 704 2580 52,
727 2503 762 2576 9;
784 2502 834 2580 66,
858 2502 912 2581 13;
934 2498 1012 2563 item
1034 2495 1130 2564 Sach.
1151 2503 1176 2580 l‘,
1200 2503 1238 2562 13
1248 2521 1256 2574 ;

109 2670 114 2679 ,
153 2616 226 2685 Jer.
248 2619 296 2698 16,
320 2618 347 2680 7.
369 2613 557 2680 -Eodem
578 2615 684 2703 capite
705 2616 742 2681 Π
764 2615 926 2703 evangelii
952 2639 1015 2681 sec.
1038 2616 1162 2683 Lucam
1183 2639 1254 2681 nar·

153 2741 246 2799 ratur
274 2730 314 2797 de
341 2730 441 2795 Anna
467 2730 679 2818 prophetide,
710 2732 962 2797 communicasse
994 2755 1066 2798 eam
1097 2732 1252 2819 gaudium

154 2872 250 2915 suum
270 2849 310 2913 de
331 2846 465 2931 Messio,
495 2869 592 2935 quem
618 2847 809 2931 invenisset,
836 2847 940 2912 πᾶσιν
964 2850 1036 2924 τοῖς
1058 2848 1253 2936 προσδεχο-

152 2963 260 3047 μένοις
290 2951 494 3049 λύτρωσιν
522 2952 780 3050 Ἰερουσαλήμ
811 2986 842 3028 v.
872 2970 928 3049 3‚8,
961 2966 1052 3031 cuius
1080 2967 1252 3033 locutionis
1296 3002 1298 3006 ·

153 3082 253 3178 sedes,
278 3081 444 3177 originalis
471 3081 601 3147 videtur
622 3103 693 3146 6666
715 3081 784 3148 Jes.
807 3083 856 3164 52,
879 3085 898 3146 9
920 3106 928 3146 :
950 3070 1171 3176 6356166566,
1193 3083 1251 3148 cfr.

152 3198 224 3266 Jes.
246 3203 298 3282 41,
321 3204 368 3263 14.
390 3235 427 3288 ¹—
454 3196 576 3264 Similis
596 3198 715 3264 locutio
738 3208 787 3263 est
809 3186 1174 3264 ἀποκαθιστάνειν
1193 3194 1251 3283 τήν

152 3312 329 3395 βασιλείαν
354 3313 403 3399 τῷ
421 3295 545 3400 'locarit
566 3314 640 3381 Act.
665 3320 697 3398 1,
720 3321 756 3399 63
783 3324 816 3380 ct
837 3339 844 3380 :
866 3307 984 3403 χρόνοι
1008 3304 1251 3381 ἀποκαταστά-

154 3443 241 3509 σεως
259 3432 334 3498 Act.
356 3438 390 3514 3,
413 3438 469 3515 21,
498 3431 561 3496 nisi
581 3431 612 3496 h.
634 3431 656 3496 l.
680 3454 753 3496 cum
774 3430 918 3497 Weissio
949 3429 1022 3516 (der
1042 3439 1124 3519 petr.
1147 3431 1250 3521 ngr.

153 3570 230 3636 pag.
256 3552 311 3632 87,
343 3558 410 3614 not.
439 3547 471 3633 2)
505 3547 544 3613 de
581 3546 686 3613 ethica
718 3547 922 3613 restitutione
958 3532 991 3612 et
1022 3549 1252 3616 reformatione

152 3665 293 3752 cogites,
323 3665 499 3731 seeundum
528 3664 606 3730 Mal.
635 3671 672 3749 3,
702 3671 752 3731 23.
786 3671 843 3748 24,
877 3665 934 3730 cfr.
961 3664 1076 3731 Matth.
1109 3669 1163 3752 17,
1198 3674 1278 3751 113t

152 3781 306 3865 Marc9,
331 3788 377 3846 12.

235 3899 305 3964 Iam
325 3908 473 3965 centrum
493 3907 526 3962 et
548 3899 641 3986 quasi
662 3908 765 3987 caput
783 3922 890 3966 rerum
912 3900 952 3967 ab
974 3900 1025 3966 his
1042 3900 1191 3979 fidelibus
1206 3900 1249 3967 V.

151 4014 291 4082 foederis
311 4016 406 4081 sociis
429 4024 630 4102 speratarum
649 4017 812 4082 neminem
832 4017 932 4082 fuisse
951 4018 1059 4100 elium,
1080 4017 1142 4082 nisi
1158 4016 1250 4084 Chri-

158 4156 449 4165 anm——

188 4300 192 4307 =
210 4275 247 4355 ι’)
264 4272 317 4327 Ch.
338 4275 409 4328 16666
426 4291 502 4355 supro
520 4274 636 4333 laudatos
648 4277 719 4345 Epis.
738 4279 762 4341 2,
773 4276 822 4342 12;
840 4275 851 4328 1
870 4277 955 4330 Thess.
974 4278 999 4341 ⁴,
1018 4276 1063 4346 13;
1081 4277 1137 4332 Act.
1155 4277 1250 4343 28‚20.
