2782 4724
612 356 773 421 91,-

90 570 120 648 2,
142 587 162 630 a
182 561 334 628 diximus.
376 560 472 626 Hanc
493 558 763 645 significationem
775 559 1006 645 perseverandi
1026 561 1061 625 in
1082 559 1190 643 malis,

90 680 166 747 fidei
187 679 336 767 inprimis
356 678 429 743 Deo
451 676 577 743 debitae
604 673 730 741 ratione
749 676 875 760 habits,
900 654 1038 742 ¹uerbum
1064 669 1191 758 ὑπομέ-

90 818 157 861 νειν
177 797 301 861 obtinct
313 794 430 860 Matth.
456 798 502 876 10,
518 799 580 859 22,
602 786 621 858 ὑ
643 790 682 859 dd
696 785 875 874 ὑπομείνας
896 788 946 868 εἷς
966 789 1071 875 τέλος,
1093 780 1191 869 οὗτος

92 900 308 996 σωθήσεται,
343 911 401 976 cfr.
423 910 505 976 Luc.
529 914 654 987 21,19,
686 909 782 975 Rom.
809 915 929 994 12,12;
950 909 986 976 Π
1008 908 1083 976 Oor.
1109 914 1190 992 1,o;

90 1031 127 1099 Π
154 1030 238 1095 Tim.
262 1035 295 1111 2,
312 1034 359 1093 ro.
385 1034 442 1102 123
469 1027 573 1092 Hebr.
598 1031 652 1110 ιο,
667 1032 728 1109 323
755 1032 805 1110 12,
820 1029 914 1103 ν..ι;
940 1026 1189 1104 Jaeoo.1,12=

89 1142 265 1227 ὑπομένειν
285 1130 486 1232 πειρασμόν,
508 1146 607 1227 5,11;
629 1143 647 1209 Ι
667 1144 756 1209 Petr.
778 1149 808 1225 2,
820 1148 869 1207 20.
913 1139 1120 1209 Contrarium
1141 1153 1190 1208 est

91 1259 308 1327 ὑποστέλλειν
329 1252 447 1326 ἑαυτόν
468 1258 542 1327 Gal.
566 1264 659 1343 2,12,
680 1257 809 1343 timide,
831 1259 950 1355 ignave
971 1282 1006 1325 se
1026 1260 1191 1348 recipera3

92 1378 150 1443 cfr.
178 1378 319 1443 medium
349 1372 621 1443 ὑποστέλλεσθαι
648 1376 750 1442 Hebr.
774 1380 822 1459 10,
837 1380 896 1460 38,
917 1377 992 1441 Act.
1014 1382 1064 1459 20,
1079 1383 1137 1460 27,
1159 1386 1191 1443 et

94 1495 297 1561 substantiva
331 1481 515 1578 ὑπομονὴ
548 1503 581 1559 ct
609 1486 777 1578 dnootoip'
803 1492 923 1557 directe
952 1493 1014 1563 sibi
1042 1494 1192 1581 opposita

93 1611 197 1678 Hebr.
222 1618 269 1694 10,
284 1617 336 1677 39.
357 1649 398 1660 -
419 1611 473 1676 De
494 1610 623 1676 nomine
643 1600 790 1695 ὑπομονή
809 1610 944 1697 eiusque
958 1610 1089 1677 notione
1109 1633 1192 1675 com-

95 1737 210 1817 parata
231 1751 305 1793 cum
325 1749 392 1815 spa,
408 1726 583 1813 praecipue
601 1735 760 1814 quatenus
778 1725 1022 1793 fundamentum
1042 1727 1112 1813 spei
1133 1735 1192 1810 est,

94 1844 160 1911 iam
182 1867 280 1932 supra
302 1866 343 1910 ex
364 1852 459 1931 parte
480 1851 530 1908 cst
552 1844 747 1931 expositum.
791 1841 859 1910 cfr.
881 1842 978 1909 etiam
991 1843 1085 1909 Rom.
1108 1849 1136 1921 2,
1151 1848 1192 1907 72

97 1959 203 2047 ζητεῖν
229 1964 307 2026 καθ’
333 1956 499 2047 ὑπομονὴν
526 1954 620 2047 ἔργον
647 1950 782 2045 οἷγαθοῦ
806 1949 910 2042 δόξαν
938 1957 1019 2041 κτλ,
1046 1961 1104 2027 ubi
1129 1961 1191 2026 hoc

97 2102 274 2166 „quaerere
307 2102 381 2144 cum
414 2078 658 2167 perseverantia
689 2078 723 2143 in
749 2078 843 2144 bonis
874 2076 1061 2164 operibus“‚
1099 2076 1193 2166 quusi

96 2196 272 2282 practicam
299 2194 460 2282 significat
485 2204 610 2283 partem
632 2195 703 2283 spei
724 2194 934 2277 christianae,
963 2216 1046 2281 quae
1067 2194 1192 2281 etipsa

96 2323 346 2399 perseveranter
367 2321 519 2399 expectat
541 2304 642 2394 δόξαν
663 2321 738 2394 etc,
768 2312 826 2377 sed
847 2333 912 2375 non
933 2309 1044 2376 labore
1065 2319 1098 2375 et
1119 2332 1193 2398 opa-

97 2431 203 2513 ribus,
226 2430 283 2495 sed
304 2429 367 2496 fide
389 2431 497 2518 potius
519 2439 554 2495 et
571 2431 715 2517 patiente
738 2429 771 2493 in
792 2427 930 2516 gratiam
951 2427 1094 2493 divinam
1114 2427 1193 2495 fidu·

97 2547 157 2610 cia.
199 2545 242 2611 V.
271 2545 469 2612 etiamLuc.
491 2548 575 2630 8,15
605 2571 613 2611 t
640 2549 869 2633 καρποφορεῖν
897 2541 932 2610 ἐν
962 2539 1131 2633 ὑπομονῇ,
1156 2544 1194 2611 Π

96 2662 212 2728 Thess.
236 2667 316 2746 1,3;
338 2665 402 2745 3,0
432 2652 583 2747 ὑπομονὴ
617 2660 679 2725 τοῦ
707 2661 856 2750 Χριστοῦ
873 2661 918 2749 1),
944 2662 1047 2729 Hebr.
1071 2665 1118 2744 10,
1134 2666 1192 2745 36,

99 2784 203 2862 12,1,
231 2779 304 2846 Jac.
328 2781 356 2857 1,
372 2783 403 2843 3.
425 2785 463 2854 4,
486 2781 590 2860 5,]1,
617 2777 653 2843 Π
672 2777 762 2844 Petr.
786 2783 813 2862 1,
830 2785 869 2857 6;
894 2777 1032 2866 Apocsl.
1056 2785 1084 2863 1,
1101 2783 1141 2863 0,
1163 2783 1192 2862 2,

97 2901 127 2960 2.
149 2900 180 2960 a.
204 2899 260 2972 19;
282 2900 312 2978 3,
331 2899 390 2980 ιο,
412 2900 461 2979 13,
481 2898 539 2979 ιο,
563 2897 612 2977 14,
633 2899 681 2959 ιτ.

179 3014 208 3077 5.
251 3010 402 3077 Vicinam
429 2992 697 3098 significationem
724 3010 849 3077 obtinet
868 3012 1005 3079 verbum
1033 3034 1194 3102 μακρο-

97 3132 268 3211 θυμεῖν
280 3179 291 3214 ,
326 3128 413 3218 quod
441 3128 572 3217 proprie
597 3137 690 3194 notat
710 3126 888 3216 patientem
908 3152 995 3213 esse,
1022 3131 1193 3219 indulgere

97 3248 204 3313 alicui.
253 3246 420 3333 Respecto
454 3245 690 3333 expectationis
727 3267 837 3311 rerum
870 3246 1051 3313 futurarum
1086 3259 1194 3316 aotam

97 3363 185 3428 valet
211 3386 219 3428 τ
246 3362 409 3449 patienter
434 3362 520 3427 ferre
545 3384 669 3427 moram
696 3361 765 3428 sive
793 3363 1061 3443 retardationem
1088 3365 1134 3432 ita
1157 3376 1194 3433 ut

97 3478 130 3546 id
149 3478 216 3543 fere
234 3479 276 3543 sit
293 3479 484 3544 discriminis
502 3479 587 3545 inter
600 3479 701 3545 verba
719 3472 892 3560 ὑπομένειν
909 3491 943 3547 et
955 3486 1193 3569 μονρσθομτῒν,

98 3605 133 3661 ut
160 3595 240 3662 illud
269 3595 430 3680 significet
457 3595 556 3662 robur
577 3619 615 3662 ao
636 3595 873 3681 fortitudinem,
904 3598 966 3664 hoc
985 3620 1064 3665 vero
1086 3584 1194 3691 aequi·

168 3937 188 4005 ¹)
203 3935 253 3992 τοὺ
269 3937 389 4013 Χριστοῦ
413 3940 474 3994 h.1.
501 3952 539 3996 est
562 3947 687 4013 genitivus
706 3946 865 4012 possessoris.
900 3946 963 3999 Eam
981 3948 1193 4014 perseverantiam

96 4033 156 4086 dicit
173 4033 313 4101 apostolus,
341 4050 414 4103 quam
433 4031 545 4091 Christus
570 4037 655 4092 habuit
674 4049 700 4092 et
718 4054 783 4107 quoe
801 4040 873 4093 nobis
889 4030 1011 4093 imitanda
1029 4050 1067 4093 est
1083 4038 1117 4104 (11
1136 4040 1195 4117 Cor.

96 4123 123 4187 5,
143 4123 187 4191 1);
205 4138 254 4175 non
270 4130 483 4192 perseverantiam
495 4128 586 4183 Christi
603 4143 852 4201 cnosspracstatam,
870 4149 952 4203 nequa
970 4136 1044 4186 ctiam
1060 4136 1196 4203 patientem

96 4221 296 4286 expectationem
315 4219 415 4278 Christi.
449 4222 504 4276 11οο
521 4227 586 4276 enim
603 4223 660 4279 fore
682 4218 812 4305 ἀναμονὴν
833 4223 884 4290 (vel
902 4219 1033 4305 ὑπομονῇν
1056 4225 1103 4305 τῆς
1120 4232 1195 4285 tissi·

96 4312 154 4379 λος)
172 4308 220 4367 τοὺ
237 4320 291 4389 Xp.
307 4312 364 4381 (cir.
379 4313 393 4367 1
410 4312 497 4372 Thess.
516 4316 540 4382 1,
557 4316 583 4373 3.
601 4316 649 4387 to)
667 4329 737 4373 racto
752 4319 882 4374 adnotavit
899 4320 1036 4376 Lunam.
1052 4321 1085 4376 sd
1100 4322 1125 4377 Ιι.
1142 4321 1160 4377 Ι.
