2782 4724
589 353 629 424 63

56 565 185 624 statum
203 555 331 633 attinet.
373 557 426 623 Ita
446 578 532 627 nune
553 557 684 646 quidem
703 558 768 626 iam
788 559 884 630 liberi
903 557 1158 650 sumusSpiritu

56 673 219 758 Domini,
248 673 305 760 qui
332 682 382 740 est
408 669 551 761 Spiritus
576 670 754 752 υἱοθεσίας
782 676 833 762 (ΙΙ
860 672 936 745 Cor.
967 681 1072 765 3,17;
1099 679 1158 749 efr-
1273 722 1279 735 ·

60 790 139 858 Joh.
161 795 189 875 8,
204 790 276 876 36);
302 798 411 857 tamen
439 793 538 880 plena
568 802 602 858 et
628 816 708 859 vera
734 794 867 861 libertas
894 794 1069 861 liberorum
1093 794 1159 863 Dei

62 908 169 975 futuro
214 907 343 974 demum
394 909 502 974 seculo
536 909 796 977 manifestabitur
829 933 895 977 una
927 933 1002 979 cnm
1035 910 1159 998 gloriae

57 1025 277 1113 patefactione
304 1025 338 1091 in
366 1025 498 1113 perusia
526 1024 668 1110 christ13
696 1027 783 1092 unde
816 1037 953 1097 vocatur
980 1023 1160 1116 ἐλευθερία

55 1129 241 1230 σῆςοόξης
259 1141 326 1207 ταῖν
345 1142 462 1208 admon
481 1142 541 1209 τοῦ
560 1142 647 1207 θεοῦ
666 1142 761 1214 Rom.
783 1149 812 1227 8,
828 1148 878 1213 21.
921 1142 1015 1225 Quae
1035 1144 1154 1211 libera·

57 1259 106 1327 tio
134 1259 245 1327 futura
268 1269 475 1348 nuncupetur
502 1246 800 1345 α’πολύτρωσις
825 1260 910 1349 Eph.
935 1266 1157 1347 1,14;-·4,30;
1198 1350 1202 1355 ,

57 1374 176 1443 IOor.
201 1382 227 1460 l,
242 1382 292 1461 30,
316 1378 403 1466 quod
431 1378 626 1444 vocabulum
655 1377 756 1464 vulgo
785 1377 826 1444 de
856 1377 1079 1466 redemptione
1099 1400 1160 1466 per
1200 1362 1203 1367 ⁸

60 1491 227 1562 Christum
258 1495 323 1561 iam
353 1504 487 1583 peracta
513 1503 689 1582 usurpatur
709 1494 790 1561 Luc.
812 1501 862 1579 21,
875 1502 933 1574 28;
956 1495 1050 1562 Rom.
1072 1502 1103 1580 3,
1113 1502 1158 1563 24

58 1621 123 1677 etc.
148 1649 181 1660 -
203 1612 298 1677 Haec
319 1622 427 1679 autem
458 1603 693 1699 ἀπολύτρωσις
720 1612 868 1701 inprimis
895 1623 1019 1702 spectat
1039 1636 1158 1702 corpus
1251 1598 1256 1605 ’

58 1737 207 1798 nostrum
234 1730 338 1796 adhuc
364 1740 499 1818 peccato
524 1741 557 1796 et
572 1727 721 1800 'Satanae
741 1731 975 1797 tentationibus
995 1732 1157 1820 mortique

59 1846 238 1927 obnoxium
260 1847 414 1931 (Rom.7,
432 1852 480 1915 14.
502 1839 652 1931 23-25),
671 1849 748 1915 olim
770 1838 877 1914 autem
896 1848 970 1915 huic
992 1848 1157 1919 servitutis

60 1988 99 2033 ac
120 1963 271 2030 vanitatis
293 1964 391 2029 statui
411 1964 623 2065 eripiendum.
665 1964 812 2037 Vocatur
832 1974 942 2032 autem
961 1965 1042 2030 haec
1063 1955 1157 2031 α’πο-

58 2073 222 2170 terpora
241 2081 301 2145 τοῦ
323 2067 476 2162 σώματος
496 2075 587 2168 ἡμῶν
606 2080 703 2147 etiam
723 2077 881 2149 οἱοθοσὶα
900 2080 995 2151 Rom.
1018 2087 1046 2166 8,
1062 2087 1101 2149 23
1120 2081 1157 2166 ¹),

58 2200 214 2290 quoniam
243 2198 310 2265 scil.
336 2198 397 2265 hac
423 2181 568 2285 corporis
590 2198 719 2265 demum
739 2198 929 2264 liberatione
950 2198 1081 2299 adoptio
1102 2220 1157 2265 no·

60 2326 129 2384 stra
156 2339 235 2382 vera
259 2325 293 2382 et
318 2317 464 2404 perfecta
482 2326 580 2406 atque
601 2317 635 2382 in
657 2325 824 2383 aeternum
844 2338 997 2382 mansura
1017 2324 1075 2382 est.
1119 2311 1158 2388 Si

59 2433 163 2522 igitur
187 2456 411 2521 comparamus
436 2434 520 2500 hunc
548 2457 652 2501 vsum.
682 2440 722 2499 23
750 2456 820 2522 cap.
858 2433 961 2500 nostri
987 2455 1155 2506 cumvsu.

61 2553 111 2634 15,
139 2551 281 2638 dupliem
307 2551 593 2618 animadvertimus
624 2575 718 2619 usum
739 2552 828 2621 vocis
855 2547 1033 2634 υἱοθεσία,
1061 2549 1158 2617 simil·

58 2668 173 2735 limum
194 2668 331 2757 duplicis
352 2670 438 2735 illius
459 2693 537 2736 usus
558 2670 709 2735 vocabuli
730 2660 939 2756 δικαιοσύνη,
962 2691 1059 2757 quem
1080 2666 1156 2736 Gal.
1282 2706 1285 2710 ⁴

59 2789 131 2871 5,4
158 2796 191 2852 et
218 2789 236 2851 5
266 2768 413 2853 obtinere
447 2808 546 2874 supra
575 2786 775 2870 monuimus,
803 2786 880 2852 item
912 2784 1156 2873 significationis

58 2903 231 2991 ambiguae
256 2903 406 2992 vocabuli
429 2899 577 2990 σωτηρία
597 2911 659 2969 etc.
700 2902 799 2970 Modo
820 2903 907 2972 enim
925 2903 987 2971 hae
1007 2903 1156 2972 notiones

57 3030 136 3088 sunt
153 3021 279 3086 obiecta
299 3021 384 3104 fidei,
405 3021 500 3087 modo
522 3021 603 3108 spei.
899 3100 902 3107 Ι

141 3139 213 3206 Iam
233 3162 306 3235 oum
321 3139 382 3205 hae
403 3137 585 3226 adoptionis
599 3137 730 3219 notione
745 3114 980 3207 cohaerer'blia
996 3135 1157 3226 quaedam

39 3278 134 3345 ,spes
162 3266 195 3322 et
220 3256 400 3344 promissio,
429 3278 512 3344 quae
539 3264 649 3321 manet
675 3254 777 3321 iustos
808 3262 1001 3345 sanctosque
1022 3245 1156 3323 Domini

56 3382 243 3441 sectatores.
286 3373 438 3439 Diximus
460 3396 568 3460 supra,
590 3373 697 3461 ipsum
712 3370 877 3439 Christum
890 3368 1020 3455 (Matth.
1039 3374 1086 3455 19,
1099 3370 1180 3457 28)-

55 3492 245 3580 promisisse
274 3491 428 3578 apostolis
458 3490 523 3556 suis
554 3491 759 3555 iudiciumne
781 3488 828 3553 eis
850 3488 1000 3553 daturum
1022 3488 1155 3556 essedo

56 3608 130 3676 XII
155 3610 303 3675 tribubus
330 3609 443 3676 Israel.
486 3607 574 3674 Hinc
600 3607 731 3673 videtur
756 3605 890 3675 fluxisse
919 3607 1156 3696 sententiolillo

55 3724 196 3792 Paulina
223 3727 241 3792 I
269 3725 345 3795 Gor.
373 3731 465 3813 6,2:
493 3721 528 3793 οἱ
553 3714 643 3810 ἅγιοι
660 3716 722 3790 ,τοι
748 3713 869 3806 κόσμον
888 3725 1057 3814 κρινοῦσιν
1063 3747 1074 3806 ;
1095 3724 1154 3793 cfr.

131 4034 154 4102 ¹)
171 4035 285 4089 Dubitari
310 4045 407 4106 potest,
437 4046 519 4088 utrum
549 3994 674 4112 daoldrp.
704 4035 752 4092 roi
777 4027 900 4116 odparog
920 4034 1067 4089 vertendum
1091 4035 1123 4091 sit
1147 4049 1154 4087 ι

59 4126 192 4192 „liberatio
209 4132 239 4183 ab
258 4130 306 4184 boc
330 4147 437 4199 corpore
457 4142 558 4184 nostro“
576 4128 722 4196 (secundum
740 4131 811 4185 Rom.
829 4133 855 4195 7,
874 4132 926 4200 24),
944 4147 977 4182 au
996 4149 1003 4183 ι
1021 4129 1155 4184 „liberatio

57 4229 172 4292 corporis
195 4228 296 4278 nostris
333 4225 382 4277 Sed
406 4225 474 4293 quod
497 4225 530 4279 ad
553 4241 605 4279 rem
626 4226 705 4294 ipsam
727 4227 827 4288 attinet,
853 4225 915 4278 nibil
931 4224 991 4277 lude
1007 4224 1155 4278 discriminis

58 4317 175 4374 afficitur.
211 4320 240 4374 V.
257 4319 323 4373 Pbil
341 4319 374 4374 ad
392 4318 452 4372 bl.
486 4388 488 4395 ,
