2782 4724
184 537 262 604 Act.
286 543 317 621 8,
332 538 361 601 5.
386 537 443 621 173
473 536 579 602 Hebr.
603 542 650 619 ll,
672 542 785 603 8-11.
813 539 864 622 173
886 539 983 606 Rom.
1002 545 1032 623 4,
1051 545 1087 603 13
1109 548 1190 622 etat
1213 537 1287 606 Get.

186 659 265 738 3,8.
284 657 321 720 16
344 662 404 719 etc.
450 651 560 732 Quare
582 654 667 719 sieut
688 654 740 719 hic
760 655 954 742 patriarcha,
978 656 1034 742 qui
1055 655 1149 721 fidem
1169 653 1288 720 tribue.-

187 769 315 838 bathis
344 770 651 858 pollicitationibus,
687 771 881 838 iustificatos
908 795 979 838 esse
1011 772 1129 865 dicitur
1157 793 1200 835 ex
1223 769 1287 836 fide

188 887 297 976 (lton.
310 893 377 971 4,3
398 902 512 976 sqnu.;
536 885 610 954 Gal.
633 893 661 971 3,
677 887 723 972 6),
755 888 801 954 ita
821 888 917 954 simul
938 912 1010 954 cum
1032 889 1091 953 bac
1111 888 1175 953 fide
1195 910 1287 975 prae

187 1002 314 1071 &catur
343 1003 414 1069 eius
442 1028 514 1090 spes
534 1029 542 1068 ε
563 1003 658 1069 Rom.
682 1009 765 1087 4,18
785 1003 822 1091 ¹).
865 1003 952 1071 Nam
975 1027 1049 1091 spes
1072 1004 1141 1070 eius
1162 1003 1196 1068 in
1216 1025 1289 1090 pro

184 1121 341 1187 missione
363 1120 491 1203 divina,
522 1122 721 1186 nasciturum
744 1122 774 1187 ai
792 1145 866 1197 esse
887 1123 988 1188 filium
1010 1143 1050 1186 ex
1073 1119 1155 1188 Sara
1175 1142 1287 1203 uxore,

184 1238 304 1317 innixa
323 1237 568 1305 fundamentum
593 1248 625 1303 et
647 1239 740 1327 quasi
762 1238 919 1304 summam
939 1239 1015 1304 fidei
1036 1239 1105 1303 eius
1127 1236 1288 1302 efficiebat

190 1353 242 1440 (id
256 1353 457 1442 significatur
469 1355 638 1421 vocabulis
659 1350 850 1421 ἐπίστευσεν
864 1352 915 1421 ἐπ’
930 1345 1069 1440 ἐλπίδι),
1091 1375 1286 1442 quamquam

188 1471 366 1538 secundum
397 1473 571 1538 humanam
602 1472 881 1562 ratiocinationem
916 1482 1148 1569 externamque
1178 1493 1287 1537 rerum

185 1589 330 1678 speciem
351 1589 432 1655 nihil
454 1590 524 1678 spei
546 1590 708 1677 reliquum
731 1599 816 1655 esset
838 1588 933 1676 (παρ’
955 1585 1103 1674 ἐλπίδα).
1146 1587 1286 1654 Proinde

183 1730 253 1773 uns
284 1728 357 1772 cum
386 1690 448 1773 hac
475 1707 718 1795 exspectatione
752 1705 923 1772 heredisa
944 1706 1016 1771 Deo
1043 1706 1104 1772 sihi
1136 1705 1286 1793 promissi
1316 1709 1318 1713 ’

183 1823 416 1912 prospectabat
451 1823 484 1890 in
524 1834 672 1912 tempora
707 1825 835 1889 futurae
875 1824 1005 1906 salutis,
1056 1845 1154 1911 qnam
1194 1823 1286 1889 Deus

184 1941 325 2030 posteris
347 1965 390 2006 ex
412 1942 534 2008 semine
557 1965 615 2007 suo
636 1965 696 2030 per
722 1942 917 2029 promissum
944 1940 1045 2006 filium
1077 1938 1285 2027 procreandis

138 2090 155 2116 ο
185 2048 223 2124 se
243 2057 394 2124 daturum
413 2058 576 2145 pollicitus
606 2059 721 2124 fuerat.
765 2058 851 2126 Nam
870 2057 1046 2143 gaudium,
1078 2056 1166 2143 quod
1197 2055 1284 2143 cepit

185 2173 392 2239 Abrahemus
414 2197 456 2240 ex
483 2184 555 2240 ortu
582 2175 685 2240 Isaeci
706 2173 774 2258 filii,
798 2174 892 2240 simul
913 2173 977 2238 fuit
996 2173 1152 2260 gaudium
1173 2172 1212 2237 de
1229 2194 1284 2256 eo,

183 2292 242 2380 qui
275 2315 399 2358 summo
435 2315 473 2359 ac
508 2291 676 2358 verissimo
708 2315 804 2357 sensu
830 2292 900 2357 eius
932 2314 1031 2355 semen
1061 2288 1152 2376 (Gal.
1175 2294 1205 2371 3,
1228 2285 1281 2374 16)
1339 2355 1340 2359 ,

180 2407 313 2474 futurus
334 2391 412 2492 erat,
435 2408 576 2477 Christo.
618 2411 693 2475 Hoc
714 2410 799 2476 enim
819 2408 915 2473 modo
936 2406 1180 2494 intelligendum
1203 2415 1281 2494 puto

182 2478 286 2613 ipsius
314 2510 437 2592 Christi
465 2527 547 2593 illud
576 2527 674 2613 (Job.
697 2534 726 2610 8,
748 2525 845 2614 56):
868 2521 1021 2614 Αβρααμ
1060 2511 1283 2612 ἠγαλλιάσατο

156 2624 232 2708 ’ἵνα
253 2640 368 2732 ιδῃ,
330 2662 386 2708 m
405 2637 527 2732 ἦμέραν
546 2638 605 2731 τήν
626 2639 715 2740 ε’μήιι,
736 2643 791 2709 καὶ
813 2634 900 2708 εἶδεν
919 2641 975 2708 καὶ
994 2629 1096 2729 ἐχάρη
1117 2641 1156 2726 2.)
1289 2721 1296 2732 ·

262 2760 389 2826 Eadem
405 2760 606 2847 exspectatio
628 2760 757 2825 futurae
780 2759 893 2825 salutis
913 2759 1064 2847 idemque
1086 2758 1281 2825 desiderium

176 2887 360 2966 temporum
396 2878 636 2943 Messianorum
671 2876 885 2942 videndorum
914 2877 1078 2961 prophetis
1116 2874 1279 2943 tribuitur.

177 2993 231 3059 Ita
258 2993 407 3060 Christus
438 2994 554 3060 Mattb.
586 3000 633 3077 13,
662 2995 699 3060 17
736 2992 830 3080 (Luc.
867 2999 912 3075 10,
935 2991 990 3075 24)
1023 2992 1118 3076 dicit,
1160 2992 1280 3057 multos

178 3132 275 3197 reges
302 3110 545 3199 prophetasque
574 3111 737 3198 cupivisse
767 3109 897 3192 videre,
939 3132 1022 3197 quae
1056 3108 1196 3197 apostoli
1230 3107 1279 3172 sui

176 3226 326 3311 videant,
348 3250 421 3295 nec
446 3229 566 3295 vidisse
596 3237 656 3294 etc.
707 3226 813 3294 Simili
841 3226 936 3293 modo
964 3224 1082 3293 Petrus
1108 3224 1279 3311 inpriore

190 3568 197 3579 .
252 3598 328 3669 ¹)'De
350 3601 534 3654 constructione
562 3609 588 3653 et
612 3613 687 3653 senso
710 3597 804 3651 bniun
812 3597 863 3650 loci
881 3597 930 3662 iarn
948 3611 1023 3663 supra
1041 3612 1097 3664 cap.
1115 3593 1139 3648 ll
1157 3611 1190 3649 ex
1208 3607 1279 3679 perte

177 3707 218 3752 est
234 3697 383 3766 expositum

248 3810 324 3883 ⁸)lts
342 3831 398 3868 anm
412 3810 513 3868 llol'rn‘.
531 3812 654 3881 Weissgg.
674 3812 724 3864 und
744 3809 836 3876 111111,
856 3827 914 3881 pag
933 3809 966 3865 12
984 3820 1046 3874 ste-3
1065 3807 1276 3872 Schriithwnlll,

176 3907 297 3963 stateo
313 3910 465 3977 interpretor
484 3907 550 3959 bunc
568 3907 660 3970 locum,
678 3906 828 3960 dissentiens
846 3906 1013 3972 sMcysro,
1031 3905 1104 3959 cuin
1091 3899 1277 3957 „dissensistis
1321 3961 1324 3964 Δ

175 4005 259 4075 polum
283 4012 321 4055 est
344 4004 402 4063 „ein
426 4001 535 4054 blamont
559 4000 606 4052 der
632 4001 822 4053 unbestimmten
839 3998 951 4052 anunit
968 4026 998 4036 -
1020 3995 1193 4052 verwirhlicht
1210 3995 1279 4048 nicht

176 4099 210 4149 im
230 4095 311 4150 leben
331 4098 378 4149 nul
392 4088 627 4158 llrde'n',1sondsrn
651 4088 678 4146 in
696 4097 790 4147 ssinem
808 4093 1011 4161 paradissisohen
1030 4089 1191 4151 Zostends⁸3
1218 4091 1276 4142 item

177 4187 332 4258 aliena,
351 4188 446 4254 etsi,
470 4188 520 4251 sii,
538 4181 580 4255 dii
598 4186 715 4240 decerto
733 4196 858 4241 momento
875 4187 901 4238 in
919 4188 972 4239 vita
990 4185 1102 4241 terrestri
1118 4181 1277 4252 patriarchae

178 4283 298 4351 sordem,
317 4285 359 4336 ubi
378 4283 502 4350 singulari
520 4281 678 4335 revelatione
696 4283 802 4351 gloriam
821 4280 912 4333 Christi
931 4279 1031 4335 viderit.
