2782 4724
674 356 716 418 49

141 561 249 628 -Id
273 560 360 627 enim
387 560 459 648 ipse
486 557 634 628 Christus
658 560 823 648 pollicitus
845 571 894 626 est
921 561 1038 627 millies
1067 571 1193 630 tantum
1214 584 1249 628 se

145 679 352 746 redditurum
373 699 444 742 esse
464 677 645 743 hominibus
666 679 700 742 in
720 677 952 766 palingenesia,
972 702 1071 766 quam
1092 691 1248 769 quantum

124 769 128 777 Ι
147 797 198 863 sui
217 796 357 863 nominis
376 795 483 882 gratia
503 794 648 881 perpessi
667 793 733 859 sint
746 793 862 860 Matth.
887 799 934 876 19,
949 800 988 859 29
1004 795 1099 880 (Luc.
1115 803 1165 878 22,
1179 796 1246 880 30).

230 913 469 978 Perswerontia
491 911 664 977 christiana
685 921 718 976 et
738 911 878 977 sobrium
901 935 942 976 ccc
963 913 1068 977 sacris
1088 915 1249 998 seripturis

142 1030 343 1116 depromerem
378 1028 573 1094 coniunctim
606 1027 852 1093 fundamentum
878 1028 948 1116 spei
977 1029 1123 1094 efficiunt
1152 1028 1246 1096 Rom.

132 1129 205 1229 x15,
227 1151 278 1211 42
308 1141 364 1210 ίνα
392 1135 452 1210 δια
474 1144 532 1230 τῆς
558 1137 724 1232 ὑπομονῆς
750 1143 806 1210 καί
836 1146 894 1231 τῆς
919 1132 1159 1233 παρακλήσεως
1183 1145 1249 1210 sois

145 1261 287 1352 yponensis
302 1257 358 1348 τὴν
377 1259 501 1329 ἐλπίδα
521 1256 644 1343 ἔχωμεν
664 1261 708 1345 ¹);
730 1262 833 1327 Hebr.
856 1267 890 1345 6,
914 1264 963 1328 17.
988 1267 1037 1344 18,
1059 1262 1116 1328 ubi
1136 1259 1247 1345 ἐπαγ-

150 1378 246 1466 γελία
257 1381 319 1447 Dei
340 1388 373 1446 et
386 1380 611 1463 iuramentum,
634 1349 953 1468 quo‘confirmaverit
966 1379 1027 1445 hoc
1042 1380 1247 1468 promissum,
1324 1448 1328 1458 ,

149 1497 299 1564 dicuntur
333 1497 459 1563 firmam
487 1498 669 1584 fortemque
693 1496 787 1562 nobis
819 1496 957 1583 gignere
984 1498 1247 1563 consolationem.

145 1614 211 1681 His
228 1614 330 1702 igitur
341 1614 421 1680 locis
433 1598 675 1700 coniunguntur
681 1611 927 1678 fundamentum
939 1613 1010 1700 spei
1024 1614 1260 1698 subiectivnm*

147 1730 237 1820 quod
249 1730 427 1796 ‘hominnm
452 1729 627 1818 praecipuo
648 1750 746 1816 opere
772 1739 805 1794 et
826 1728 937 1795 labore
958 1735 1108 1817 paratur,
1140 1740 1173 1796 et
1194 1730 1248 1796 ob

145 1847 317 1932 iectivum‚
357 1846 445 1935 quod
472 1871 492 1913 a
518 1846 625 1934 gratia
657 1846 767 1912 divina
796 1846 830 1910 in
861 1845 962 1910 sacris
994 1845 1035 1911 V.
1065 1845 1117 1913 Ti.
1146 1838 1246 1930 libris,

147 1963 297 2052 inprimis
327 1963 556 2052 prophetarum
592 1962 752 2029 vaticiniis
788 1962 994 2028 manifestata
1021 1962 1246 2051 proficiscitur.
1329 2048 1330 2051 Ἴ

145 2064 363 2168 Παράκλησιζ
391 2089 423 2146 et
443 2068 589 2166 inoporq'
619 2089 656 2144 ut
676 2079 886 2145 fundamenta
906 2080 976 2167 spei
998 2079 1093 2146 simul
1113 2103 1249 2147 comme·

81 2236 89 2251 »-
146 2208 274 2266 morata
294 2206 370 2262 sunt
390 2197 488 2262 otiam
507 2198 544 2264 Π
565 2195 640 2264 (lor.
664 2202 699 2280 1,
721 2202 758 2279 6,
779 2196 835 2262 ubi
856 2217 922 2262 non
942 2196 1113 2265 tumendo
1135 2196 1248 2263 solatio

147 2339 190 2382 ex
219 2338 311 2382 sacra
345 2303 504 2403 scriptura
530 2315 712 2404 profluente
743 2331 849 2380 sermo
882 2322 944 2379 est.
988 2311 1066 2381 oft.
1083 2313 1185 2378 etiam
1211 2314 1248 2380 H

146 2433 334 2517 Thess.'2,
359 2439 425 2499 16:
455 2423 543 2508 θεὸς
564 2480 571 2496 .
594 2478 602 2496 .
626 2481 665 2498 ..
694 2424 714 2497 o‘
745 2426 825 2507 δαίς
862 2417 1070 2518 παράκλησιν
1112 2424 1250 2498 αἰωνίαν

146 2549 204 2616 καί
225 2547 346 2616 ἐλπίδα
365 2541 494 2637 ἀγαθήν
518 2544 553 2614 ἐκ
567 2536 691 2638 χάριτι.
734 2547 888 2616 Ceterum
902 2549 963 2615 hoo
979 2548 1138 2634 solatium,
1161 2549 1248 2639 quod

147 2667 221 2756 spei
249 2678 379 2733 nostrae
404 2666 642 2733 confirmandae
673 2688 771 2733 cauas
798 2690 840 2732 ex
871 2644 971 2733 sacris
998 2667 1041 2735 V.
1074 2658 1126 2733 Ti.
1156 2666 1247 2733 libris

146 2784 277 2850 haurire
309 2784 479 2867 iubemur,
510 2805 575 2847 non
607 2783 712 2848 solum
743 2783 783 2848 de
812 2783 971 2870 exemplis
1000 2766 1246 2872 piorum'patri'-

148 2901 318 2968 archarum
354 2911 387 2966 et
413 2901 645 2988 prophetarum
677 2900 774 2966 fidem
801 2912 945 2966 nostram
975 2877 1191 2988 erigentibus
1214 2911 1248 2968 et

146 3018 188 3085 ad
222 3017 433 3084 imitationem
459 3040 518 3082 nos
547 3017 788 3104 impellentibus
816 3017 1064 3105 intelligendum
1093 3028 1158 3102 est,
1189 3007 1246 3084 sed

146 3135 243 3202 simul
271 3145 395 3224 spectat
416 3136 522 3222 ipsum
544 3135 771 3200 vaticiniorum
792 3134 1056 3222 propheticorum
1077 3154 1244 3221 argumene

143 3262 234 3336 tum,
274 3254 396 3341 quippe
431 3253 519 3340 quod
548 3252 768 3319 firmissimum
802 3243 976 3341 astatque
1007 3252 1041 3316 in
1076 3260 1246 3317 aeternum

143 3379 270 3453 monet,
296 3371 343 3436 ita
369 3379 406 3435 ut
427 3391 510 3458 quae
529 3369 673 3436 nondum
694 3370 825 3457 expleta
845 3369 910 3434 sint
930 3369 1045 3433 horum
1071 3369 1245 3434 verborum

144 3486 311 3574 praesenti
339 3485 443 3551 salute
470 3484 640 3553 aChristo
669 3484 763 3551 nobis
790 3485 914 3568 oblata,
942 3507 982 3550 ea
1008 3485 1115 3551 omnia
1134 3486 1245 3553 ,adhue

114 3860 117 3865 .
142 3821 244 3892 quidem
261 3822 332 3892 sequi
348 3820 461 3885 videtur,
483 3831 515 3881 rt=
527 3821 602 3875 etiam
617 3820 681 3907 jllpd
699 3814 883 3900 συμπάσχειν,
903 3813 1133 3899 Δόιννίοξαὶζσόθιαι,
1157 3826 1241 3883 σανα-ζ

142 3920 273 3973 αοθανεῖν
299 3917 393 3983 optimo
417 3926 541 3980 congruet
564 3932 621 3970 oum
646 3930 741 3967 summe
767 3914 896 3968 doctrines
913 3913 982 3991 Petri
1005 3915 1113 3984 apostoli
1131 3917 1240 3983 propria,

143 4011 202 4065 licet
226 4025 309 4077 neque
330 4011 355 4060 iu
381 4010 455 4061 brevi
471 4009 514 4060 illo
533 4009 653 4078 epistole,
680 3998 764 4079 neque
785 4010 859 4062 etiarn
883 3992 933 4060 alio
955 4008 987 4060 N.
1004 4006 1039 4062 u.
1064 4009 1121 4062 loco
1148 3990 1241 4060 dissito

142 4101 230 4156 harum
248 4105 376 4156 notionum
394 4105 545 4156 mentionem
563 4105 684 4155 iniecerit

213 4223 237 4290 Ι)
256 4222 308 4274 Nisi
331 4213 467 4301 ὑπομοτῆν
492 4222 516 4274 h.
535 4221 550 4272 l.
570 4232 626 4273 com
651 4220 777 4273 nonnullis
800 4236 856 4274 esse
880 4235 968 4272 censes
994 4220 1153 4289 patentium,
1191 4238 1240 4292 qur

142 4315 328 4388 imbecillitates
347 4317 455 4369 aliorum
473 4315 544 4369 nobis
563 4314 683 4370 ferandus
699 4325 764 4369 suut·

1022 4407 1042 4462 4
