2782 4724
971 198 993 235 Ο

589 291 788 393 Α,

225 500 298 568 Iam
319 499 399 566 haec
421 498 545 564 summa
565 505 598 562 et
620 495 732 563 ultima
754 496 878 584 gratiae
899 476 1027 565 collatio
1055 496 1091 562 in
1111 495 1248 585 perusia

143 620 168 688 J
170 640 228 684 esu
250 616 372 685 Christi
398 624 556 682 eventura
576 615 804 703 rursus0plura
824 622 987 680 momenta
1008 614 1247 701 complectitur,

144 755 228 824 quae
249 733 370 822 passim
392 733 521 819 singula
551 730 1043 821 obiectumsperandi·feru1itur.
1075 744 1077 746 ’
1095 729 1248 811 Quorum

143 851 322 939 principale
351 874 388 915 ac
417 850 571 915 sollemne
593 857 643 914 est
672 836 795 932 δόξα,
827 848 933 936 gloria
954 871 979 913 s.
1001 848 1248 936 magnificentia

144 967 270 1050 divina,
300 990 359 1055 per
388 965 571 1050 Christum,
599 962 656 1031 τδν
676 954 788 1053 κύριον
807 966 865 1053 τῆς
886 962 988 1053 δόξης
1009 965 1042 1052 (Ι
1063 965 1139 1034 Cor.
1164 973 1193 1050 2,
1206 973 1246 1052 -8,

143 1087 178 1153 Π
200 1085 273 1154 Cor.
299 1091 329 1167 4,
344 1091 374 1150 4.
390 1082 424 1168 6)
445 1083 614 1150 nobiscum
640 1085 903 1151 communicanda
924 1084 958 1150 in
979 1082 1154 1171 epiphania
1176 1108 1246 1151 sua.

143 1204 219 1291 Ipse
249 1200 335 1265 enim
356 1200 517 1265 Dominus
544 1199 708 1287 pollicitus
735 1209 805 1265 erat
832 1200 985 1289 apostolis
1008 1222 1043 1266 se
1065 1200 1249 1285 rediturum

144 1342 216 1386 csse
238 1319 273 1384 in
293 1318 399 1405 gloria
419 1316 522 1403 patris
545 1316 673 1399 (Matth.
699 1321 746 1400 16,
769 1318 829 1393 27,
856 1316 957 1382 Marc.
982 1321 1010 1400 8,
1033 1321 1089 1394 38,
1110 1317 1193 1383 Luc.
1215 1324 1248 1402 9,

145 1438 210 1523 26),
232 1438 285 1503 vel
308 1459 381 1501 cum
401 1434 435 1502 vi
456 1444 489 1501 et
510 1436 615 1522 gloria
634 1457 753 1522 magna
775 1434 906 1521 (Matth.
930 1440 979 1517 24,
994 1439 1051 1518 30,
1072 1434 1174 1500 Marc.
1195 1439 1251 1520 13,

145 1560 201 1633 26,
229 1554 309 1619 Luc.
333 1560 382 1638 21,
405 1554 476 1637 27),
504 1552 558 1617 vel
578 1533 738 1640 ingloria
760 1575 818 1616 sua
838 1573 903 1616 una
925 1573 998 1615 cum
1020 1551 1169 1617 omnibns
1192 1574 1249 1617 an-

142 1670 225 1759 gelis
248 1669 377 1755 (Matth.
401 1672 449 1753 25,
465 1670 520 1754 31)
542 1680 603 1735 etc.
655 1668 768 1734 Gloria
797 1666 899 1756 patris
926 1676 959 1732 et
987 1668 1093 1756 gloria
1114 1667 1174 1732 filii
1195 1668 1249 1734 his

109 1823 114 1830 ·
144 1788 179 1854 in
205 1787 284 1854 locis
314 1780 367 1853 est
394 1785 506 1852 eadem
528 1808 535 1848 ε
557 1807 623 1848 non
645 1784 731 1850 enim
752 1792 982 1871 postmortem
1004 1784 1132 1849 demum
1148 1781 1250 1869 ,Chri-

144 1904 212 1971 stus
233 1905 397 1995 particeps
417 1904 521 1968 factus
543 1911 593 1968 est
613 1901 708 1967 huius
727 1900 869 1989 gloriae,
893 1923 989 1988 quam
1013 1901 1121 1988 potius
1137 1923 1250 1988 posse-

144 2021 191 2087 dit
214 2021 301 2109 apud
321 2028 447 2107 patrem
469 2042 573 2103 suum,
596 2027 769 2109 antequam
789 2016 928 2084 mundus
952 2027 1038 2083 esset
1060 2018 1249 2100 Joh.17,5;

143 2137 511 2223 efr.1,-22;Jud.25.
537 2175 571 2185 -
597 2135 753 2204 Consistit
779 2145 887 2202 antem
917 2134 996 2200 haec
1024 2122 1108 2215 δόξα
1136 2134 1251 2201 divina
1295 2178 1298 2187 -

142 2254 271 2320 iniluce
291 2254 348 2320 illa
368 2263 501 2320 aeterna
522 2261 555 2319 et
576 2255 734 2334 increata,
758 2275 822 2340 qua
842 2252 989 2319 habitare
1011 2252 1131 2317 dicitur
1151 2253 1252 2318 Deus
1293 2256 1298 2287 ¹

142 2370 161 2437 I
181 2371 265 2436 Tim.
282 2353 373 2454 6,‘16,
396 2393 480 2458 quae
498 2371 596 2465 ¹quasi
618 2379 812 2456 prototypus
835 2369 976 2435 cuiusvis
998 2369 1128 2442 luminis
1146 2371 1250 2457 creati

143 2495 193 2564 est
215 2485 287 2571 (cfr.
307 2486 423 2554 Jacob.
450 2491 475 2569 l,
494 2486 529 2551 17
553 2482 571 2550 δ
594 2480 703 2572 πατὴρ
724 2487 788 2551 τῶν
808 2472 927 2572 φώτων
948 2511 1022 2551 cum
1043 2488 1128 2574 Eph.
1147 2491 1248 2571 1,17:

142 2597 368 2688 contricatis
390 2589 512 2689 δόξης).
556 2602 667 2684 Quare
690 2606 759 2693 ipse
783 2607 872 2672 Deus
893 2604 968 2688 φῶς
989 2604 1244 2672 vocaturIJoh.

147 2720 224 2802 1,·6,
248 2718 330 2784 siout
351 2717 499 2786 Christus
527 2720 616 2806 (Joh.
642 2727 667 2803 l,
683 2725 718 2805 9,
741 2727 769 2805 8,
795 2727 847 2799 12,
872 2727 900 2805 9,
922 2724 1103 2806 6;·11,10;
1130 2727 1176 2806 12,
1192 2726 1245 2790 35.

115 2858 119 2863 ·
144 2835 216 2922 36),
246 2837 303 2924 qui
330 2846 380 2904 est
407 2830 588 2902 stativom]
608 2838 694 2902 θεοῦ
714 2836 800 2923 (Col.
826 2839 1001 2924 1,15)vsl
1033 2829 1246 2924 α’παδγασμα

141 2954 199 3038 τῆς
221 2942 319 3039 δόξης
340 2943 443 3022 αὐτοῦ
464 2953 582 3040 (Hebr.
606 2961 633 3038 l,
655 2955 700 3041 3).

226 3069 338 3138 Huius·
361 3070 462 3157 igitur
488 3081 623 3138 naturae
652 3095 729 3138 suae
757 3073 883 3139 lucidae
920 3081 1019 3161 atque
1041 3075 1189 3141 claritate
1212 3087 1246 3143 et

26 3275 34 3286 N
143 3188 279 3276 fulgore
293 3189 409 3275 plenae
432 3188 580 3256 Christus
601 3189 713 3255 fideles
733 3189 847 3256 reddet
867 3190 1051 3278 participes,
1074 3214 1175 3280 quum
1196 3211 1245 3258 re-

143 3314 289 3371 vertetur
318 3305 447 3370 eccelc
477 3304 518 3371 ad
539 3328 791 3393 regnumrsuum
812 3317 979 3373 aeternum
997 3307 1244 3395 perficiendum.

35 3442 38 3447 ·
143 3415 311 3487 Videbunt
340 3409 444 3502 δόξαν
463 3421 533 3488 eius
556 3421 645 3528 (Job.
669 3424 718 3506 17,
741 3424 795 3508 24)
818 3432 851 3490 et
872 3424 936 3512 ipsi
958 3412 1245 3514 quoqueieffulge-

12 3545 15 3560 '
142 3537 225 3603 bunt
255 3538 337 3603 sicut
366 3540 414 3605 sol
441 3540 475 3605 in
502 3562 604 3627 regno
634 3541 737 3627 patris
756 3540 898 3626 '(Matth.
924 3546 973 3625 13,
993 3549 1042 3623 43,
1073 3565 1137 3631 quo
1170 3544 1244 3609 loco

142 3655 303 3721 Dominus
325 3656 366 3723 ad
387 3656 574 3723 vaticinium
595 3658 742 3723 Danielis
764 3681 835 3745 cap.
861 3664 908 3743 12,
930 3664 949 3723 3
971 3659 1133 3748 respicere
1154 3661 1244 3727 vide·

14 3794 23 3848 ⁸.
142 3772 220 3857 tur).
264 3772 392 3839 Natura
419 3774 504 3840 enim
532 3797 643 3842 eorum
669 3785 738 3842 tum
766 3799 826 3863 par
855 3777 916 3842 erit
937 3778 990 3843 vel
1012 3776 1124 3843 similis
1146 3801 1243 3867 ange·

143 3890 248 3957 lorum
275 3899 410 3957 naturae
433 3890 562 3977 (Matth.
584 3892 698 3975 22,’30
718 3915 792 3958 cum
812 3894 960 3981 parali),
1001 3906 1033 3962 et
1060 3896 1143 3962 sicut
1170 3895 1242 3983 ipse

142 4006 302 4074 Dominus
329 4008 365 4073 in
387 4008 467 4074 solio
489 4031 547 4075 suo
569 4009 828 4096 magnificentiae
851 4013 992 4097 sedebit,
1026 4013 1072 4080 ita
1103 4015 1243 4101 apostoli

143 4124 312 4192 duodecim
340 4124 463 4194 thronis
492 4125 669 4192 insidentes
697 4127 851 4199 iudicium
878 4129 998 4196 facient
1018 4130 1064 4196 de
1093 4131 1241 4198 tribubus

141 4242 363 4309 Israelitarnm
392 4244 521 4330 (Matth.
547 4248 594 4329 19,
617 4249 683 4330 28,
697 4245 783 4311 Luc-
801 4251 850 4330 22,
872 4245 944 4332 30),
975 4245 1104 4313 omnino
1133 4257 1243 4338 autem
