2782 4724
750 356 797 417 36.

675 442 871 452 --—-—-

304 560 422 647 Neque
458 527 565 625 tamen
598 582 669 624 voc.
703 555 801 634 ἐλπίς
831 549 882 622 his
905 558 993 623 ¹loeis
1024 557 1104 623 nihil
1137 558 1226 624 aliud
1259 560 1326 625 nisi

221 700 344 743 meram
365 676 610 760 resurrectionis
632 697 723 762 spem
746 653 930 760 significare
945 672 1023 737 mihi
1038 673 1234 761 persuadere
1250 697 1327 762 pos-

222 817 302 860 sum.
327 792 422 881 Cap.
438 798 478 859 26
493 815 525 858 v.
540 798 560 859 6
576 783 661 857 enim
681 790 853 857 manifesto
875 790 990 855 latiore
1012 812 1110 854 sensu
1130 800 1333 877 usurpatum¹

221 920 271 976 est
292 935 300 977 τ
320 933 396 976 nam
418 899 535 996 ,ἐλπὶς
554 907 612 996 τῆς
632 902 682 982 εἰς
704 900 949 994 σούςπασέρας
968 893 1164 989 ἐπαγγελίας
1182 901 1326 988 γενομέ-

219 1049 273 1113 νης
303 1017 369 1091 ὑπό
395 1025 455 1090 τοῦ
474 1022 578 1088 enom
601 1024 691 1088 nulla
712 1023 777 1088 alia
796 1031 906 1110 potest
928 1044 1017 1104 esse,
1045 1022 1108 1086 nisi
1130 1042 1204 1109 spes
1226 1025 1326 1109 regni

221 1143 345 1209 aeterni
376 1166 396 1207 a
426 1140 547 1207 Messia
575 1140 734 1205 condendi
761 1139 937 1204 seeundum
954 1138 1217 1226 promissionem
1240 1138 1326 1205 divi-

222 1268 299 1326 nam
317 1258 352 1342 t).
367 1294 410 1306 -
426 1258 551 1324 Eodem
573 1280 670 1322 sensu
692 1256 789 1322 latius
809 1264 942 1343 petente
964 1256 1062 1321 etiam
1083 1279 1110 1321 o.
1127 1261 1179 1339 23,
1201 1258 1326 1322 6.σωὶ-

223 1376 376 1464 piendum
391 1375 465 1458 erit
477 1375 523 1440 ita
540 1384 578 1440 ut
593 1373 696 1460 ,περὶ
709 1364 849 1448 ἐλπίδος
868 1370 926 1438 nat
947 1361 1159 1452 ἀναστάσεως
1179 1373 1325 1459 renudet

222 1516 288 1559 non
309 1493 456 1558 absolute
476 1491 773 1579 sithendiadyoin3
795 1491 873 1555 item
893 1513 921 1555 o.
938 1495 987 1574 28,
1010 1494 1072 1555 20:
1094 1483 1133 1577 ,ἡ
1153 1478 1251 1566 ἐλπὶς
1265 1488 1328 1575 σ’σῠ

222 1595 356 1693 Ἰσραήλ.
399 1605 513 1674 Solum
534 1632 562 1673 o.
579 1613 628 1690 24,
653 1611 689 1672 15
711 1597 883 1691 ;,,,ε’λπι’ὄα
904 1601 988 1688 ἔχων
1007 1600 1062 1679 εἶς’
1076 1597 1133 1670 τόν
1154 1593 1236 1670 θεόν
1242 1654 1326 1672 .....

223 1711 402 1791 α’νσῖσσασιν
426 1722 554 1806 μέλλειν
579 1717 721 1791 ἔσεσθαι
747 1711 884 1789 δικαίων
908 1745 944 1788 τε
976 1721 1032 1793 καὶ
1059 1714 1227 1817 α’όι’νσνν“,1
1246 1747 1325 1811 spes

224 1840 319 1907 unice
341 1843 382 1908 ad
403 1842 893 1924 resurrectionemtmortuorum
915 1840 1063 1906 refertur.
1108 1839 1174 1908 Sed
1194 1850 1326 1928 poterat

223 1981 301 2024 sane
330 1958 409 2024 haee
431 1948 526 2033 ἐλπὶς
545 1958 602 2041 τῆς
625 1948 838 2032 ἀναστάσεως
857 1958 979 2045 νεκρῶν
1007 1957 1197 2045 simpliciter
1217 1966 1250 2022 et
1271 1958 1327 2024 air

223 2075 327 2140 solute
354 2075 535 2162 nuncupari
567 2065 663 2150 {tate
688 2076 748 2139 τοῦ
772 2066 912 2161 Ἰσραήλ,
950 2096 987 2138 σο
1013 2074 1187 2162 praecipue
1214 2097 1324 2159 sensu,

224 2205 287 2281 quo
319 2216 339 2258 a
366 2192 468 2274 Paulo
496 2192 729 2280 aooipiobatur,
760 2192 815 2281 qui
841 2191 925 2256 hano
957 2192 1202 2257 resurrectionis
1231 2213 1327 2278 spem

222 2332 282 2397 per
304 2307 426 2376 Otroa·
442 2318 581 2374 mortem
602 2316 636 2373 et
657 2309 932 2374 resuscitationem
954 2307 1059 2373 denuo
1080 2316 1207 2396 partam
1228 2308 1325 2374 nobis

222 2434 256 2490 et
277 2425 372 2512 quasi
390 2425 594 2511 obsignatam
615 2423 829 2506 sentiebam).
873 2424 959 2491 Nam
981 2448 1019 2490 ea
1038 2400 1168 2490 'demum
1190 2448 1270 2490 vera
1293 2437 1326 2492 et

223 2563 302 2606 sana
330 2549 401 2605 erat
428 2517 503 2627 spes
532 2539 571 2604 de
599 2539 709 2604 futuro
737 2519 1193 2627 promissionum'divinarum
1213 2545 1327 2609 vatici-

224 2656 416 2745 niorumque
440 2655 704 2743 propheticorum
726 2665 855 2740 eventu,
880 2681 963 2747 quae
978 2640 1328 2751 Christumtamquam

222 2771 434 2838 mediatorem
457 2782 490 2838 et
510 2773 707 2861 largitorem,
732 2782 897 2862 tamquam
911 2800 1067 2844 summam
1089 2787 1122 2843 et
1142 2788 1239 2866 caput
1260 2802 1348 2845 om-·

224 2888 316 2953 nium
345 2889 473 2954 illarum
500 2892 761 2978 expectationum
787 2895 927 2973 tenebat.
981 2893 1106 2974 Quodsi
1133 2905 1239 2979 erant,
1268 2899 1328 2984 qui

224 3005 335 3089 aliter,
364 3006 385 3071 i.
415 3029 442 3072 e.
470 3006 589 3073 omisso
617 3018 651 3073 et
670 3010 822 3097 neglectu
850 3008 996 3094 Christo,
1024 3023 1192 3099 sperarent
1219 3035 1328 3078 resun-

164 3106 172 3123 Ι
221 3123 408 3207 rectionem,
429 3123 464 3188 hi
486 3147 589 3190 vanae
605 3134 638 3190 et
651 3124 751 3191 falsae
767 3127 984 3214 expectationi
998 3128 1228 3221 indulgebant3
1248 3153 1328 3197 nam

221 3241 330 3327 priore
356 3242 461 3306 solum
488 3242 614 3307 ratione
643 3241 764 3307 Paulus
792 3264 827 3309 se
850 3244 961 3332 ipsum
985 3256 1178 3314 sectatorem
1199 3248 1269 3336 spei
1291 3259 1328 3314 et

222 3356 382 3445 dogmatis
411 3357 511 3423 illius.
525 3357 774 3425 Pharisaeorum
799 3361 945 3460 profiteri
971 3374 1101 3451 poterat
1109 3363 1156 3450 θ),
1187 3375 1220 3430 et
1245 3365 1331 3432 talis

224 3539 524 3556 *ιι-...αισ-

294 3663 313 3731 ¹)
329 3663 365 3717 lta
380 3664 462 3750 ῥίον.
485 3665 517 3718 sd
534 3666 560 3720 Ιι.
579 3668 596 3721 Ι.
615 3705 623 3733 ,
648 3672 691 3740 qui
709 3684 779 3726 recte
796 3684 971 3752 argumentum
988 3677 1062 3728 sumit
1078 3692 1111 3730 ex
1128 3693 1181 3730 vsu.
1200 3695 1263 3748 squ,
1282 3679 1327 3732 ubi

222 3755 388 3821 describitur,
420 3775 496 3826 quem
521 3761 554 3814 ad
576 3763 677 3817 modum
704 3775 756 3818 tote
783 3784 845 3835 gaus
862 3765 911 3818 xll
933 3761 1040 3822 tribuum
1066 3765 1324 3841 (ridetssaeiovtov)

72 3818 146 3939 ff)
222 3852 330 3903 unanimi
348 3869 474 3906 consensu
492 3854 557 3910 hano
575 3875 645 3926 spem
662 3860 765 3912 foverit

290 3968 311 4036 ¹)
329 3967 380 4023 cn.
402 3989 427 4024 v.
445 3992 467 4028 o.
485 3973 497 4026 l
515 3971 574 4028 Cor.
594 3974 633 4045 ¹5,
654 3976 694 4031 tt.
715 3977 754 4030 ¹7.
774 3976 820 4042 183
839 3978 851 4031 l
870 3980 954 4038 Thess.
972 3983 998 4047 t,
1020 3981 1058 4035 13.

255 4175 257 4181 ¹
289 4089 310 4156 ³)
327 4088 406 4164 Recta
427 4093 505 4180 May.
524 4094 540 4146 Ι.
558 4114 581 4148 o·
601 4114 607 4151 :
627 4097 678 4149 ultr
695 4096 766 4152 hatte
784 4115 834 4152 von
853 4101 935 4156 dieser
953 4103 1079 4174 Hoffnuug
1103 4108 1250 4176 gepredtgt,
1277 4111 1324 4160 der

217 4179 415 4273 nuiemtandeuo
431 4187 492 4240 Jesu
511 4189 598 4242 werde
615 4194 651 4253 sie
669 4193 875 4269 veruirktichen
893 4195 944 4248 und
963 4185 1008 4250 das
1024 4200 1088 4252 eben
1108 4216 1162 4253 wer
1180 4201 1224 4262 dor
1237 4202 1347 4257 Grtrud.

218 4280 303 4332 seium
322 4279 504 4349 Vortolguug.“
