2782 4724
581 332 644 406 *n

70 556 122 634 ss,
142 555 202 633 οε,
232 548 286 614 Pe.
310 549 360 632 νε,
381 553 410 613 s.
433 551 463 614 ε.
486 550 545 628 ει,
572 533 675 630 auu
704 551 806 630 saa
834 552 936 633 ιον,
966 550 1094 632 ον,ιι;
1123 555 1174 638 se,

73 671 110 745 7,
136 672 203 750 130,
218 669 255 749 5,
273 664 397 731 Thren.
420 670 449 749 3,
465 669 520 742 25,
555 667 608 731 vel
629 687 689 753 per
711 659 886 743 ὑπομένειν
905 688 933 730 ε.
957 665 1021 733 det.
1045 669 1099 735 Ps.
1122 672 1172 753 56,

49 752 94 861 ’7
112 780 180 869 (ubi
203 782 364 872 significat
384 782 530 848 insidiari
552 781 682 868 alieui);
704 783 758 848 vel
779 804 838 868 per
859 780 1049 868 προσδοκᾶν
1062 809 1090 851 ο.
1107 809 1174 852 aee.

75 877 192 965 Tbren'.
219 903 330 981 2,16,
365 898 419 964 vel
454 898 595 986 denique
629 920 690 984 per
705 963 710 968 ,
727 887 897 979 ἅναμένειν
928 899 994 966 Job
1023 901 1051 982 7,
1074 907 1103 966 2.
1134 929 1199 981 ···.

70 1018 179 1082 Etiam
199 1007 313 1114 eum'?
337 1010 450 1103 pra'ep.
472 1023 692 1081 constructum
713 1025 769 1112 1913,
792 1015 937 1082 redditur
959 1038 1019 1103 per
1040 1010 1174 1098 ιῖπομέ4

69 1156 138 1200 νειν
166 1158 194 1199 ο.
217 1156 283 1199 εεο.
312 1134 382 1201 Jes.
405 1137 455 1216 59,
477 1138 510 1217 9,
538 1129 608 1199 Jer.
634 1136 681 1216 14,
698 1139 760 1212 22,
788 1132 842 1198 Ps.
866 1136 915 1215 69,
938 1139 998 1211 21,
1030 1138 1099 1218 119,
1114 1138 1172 1213 95,

70 1251 174 1321 Prov.
202 1256 251 1332 20,
274 1256 333 1334 22,
365 1251 418 1315 vel
452 1250 525 1314 eum
558 1243 623 1314 dat
651 1249 721 1316 Jes.
745 1253 794 1332 25,
818 1254 853 1328 9,
886 1256 936 1333 60,
960 1256 996 1329 9,
1027 1252 1082 1328 ¹vel
1113 1260 1174 1339 per'

74 1363 259 1454 περιμένειν
290 1365 375 1434 Gen.
398 1371 518 1449 49,18;
546 1367 599 1432 vel
621 1355 793 1446 α’ναμίνειν
820 1361 909 1452 (cuni
937 1391 1002 1433 ace.
1024 1369 1089 1434 obi.
1119 1370 1173 1435 vel

74 1506 147 1549 eum
169 1479 233 1570 εἰς)
255 1484 323 1551 Jes.
346 1486 466 1565 59,11,
488 1483 558 1550 Jer.
584 1487 706 1566 13,16,
732 1476 778 1567 14,
797 1488 851 1569 19,
877 1479 932 1551 vel
953 1507 1013 1572 per
1034 1486 1173 1575 simplex

70 1599 181 1683 μίνειν
202 1625 210 1666 2
232 1600 302 1667 Jes.
325 1604 355 1683 5,
374 1605 404 1665 2.
426 1600 485 1683 47,
520 1602 621 1682 8,17,
647 1599 787 1688 denique
816 1600 913 1666 etiam
941 1622 1002 1689 per
1027 1599 1175 1684 ἐλπίζειν

42 1706 132 1785 ’ἐπί
155 1739 219 1783 τινι
246 1717 315 1785 Jes.
339 1720 426 1800 25,9
453 1715 524 1802 (ubi
555 1716 691 1782 alterum
720 1739 834 1782 versus
866 1719 1044 1786 membrum
1075 1719 1174 1788 habet

70 1804 245 1917 ἐπομένειν
263 1838 359 1916 τινι),
381 1839 429 1915 26,
442 1833 480 1910 ’8,
503 1841 536 1897 et
555 1854 615 1919 per
636 1831 839 1899 πεποιθέναι
856 1828 891 1900 ἐν
902 1856 967 1900 τινι
986 1836 1056 1904 Jes.
1072 1842 1122 1920 33,
1135 1845 1172 1923 2,

70 1955 252 2038 616817.
280 1989 311 1999 -
337 1963 395 2051 rep
424 1972 497 2014 cum
526 1940 569 2040 51,
596 1950 743 2016 redditur
763 1973 823 2038 per
848 1948 1001 2031 ἐλπίζειν
1023 1951 1075 2029 είς
1100 1975 1173 2019 τινα

72 2071 143 2138 Jes.
164 2071 249 2151 515,
271 2069 324 2133 vel
345 2089 404 2154 per
425 2061 601 2148 ὑπομένειν
620 2055 691 2131 rud
712 2067 765 2133 Pe.
789 2071 839 2150 27,
857 2073 911 2145 14,
931 2073 981 2153 37,
996 2075 1047 2135 34.

73 2211 78 2222 ·
156 2184 303 2252 Verbum
331 2199 407 2257 nm
434 2185 618 2272 promiscue
644 2207 704 2272 per
732 2183 883 2265 ἐλπίζειν
911 2195 943 2251 et
968 2182 1172 2252 πεποιθέναι

69 2302 234 2385 redditur,
265 2323 425 2390 nusquam
451 2324 512 2388 per
542 2295 718 2395 ὑπομένειν
737 2303 791 2368 vel
820 2289 989 2383 α’ναμένειν
1010 2311 1080 2369 ete'
1116 2301 1172 2372 Sic

69 2433 148 2491 nto:
169 2400 244 2484 euni
263 2441 376 2506 praep.
392 2432 413 2512 3
431 2441 491 2506 per
512 2416 662 2500 ἐλπίζειν
682 2416 741 2486 ἐπί
760 2443 824 2486 τινι
841 2415 853 2487 ἐ
875 2421 929 2487 Ρε.
953 2426 1051 2506 9,11;
1075 2427 1129 2505 22,
1141 2425 1173 2487 5.

70 2539 184 2619 6,·28,
207 2537 244 2619 7,
283 2535 354 2604 Jes.
381 2541 431 2619 26,
455 2542 484 2601 3.
507 2543 541 2621 4,
570 2539 623 2603 vel
644 2533 703 2603 ἐπί
723 2560 796 2603 τινα
818 2564 833 2632 :1
853 2538 907 2604 Ps.
933 2543 1002 2622 112,
1025 2540 1062 2622 7,
1093 2534 1172 2604 item
1299 2636 1300 2639 Ἴ

69 2674 132 2741 per
151 2646 305 2718 πέποιθα
325 2647 385 2718 ἐπί
404 2674 494 2720 τινι,
518 2655 614 2721 Prov.
640 2659 687 2741 ll,
701 2661 753 2722 28.
775 2692 818 2705 -
838 2671 914 2728 nto:
942 2679 1015 2722 cum
1036 2644 1080 2751 51,
1102 2678 1172 2722 ver-

10 2830 12 2835 .
69 2768 152 2834 titur
177 2791 237 2855 per
266 2765 417 2848 ἐλπίζειν
443 2769 502 2836 ἐπί
532 2792 597 2836 τινι
623 2797 631 2838 :
658 2773 713 2839 Ps.
745 2777 795 2858 51,
819 2778 851 2859 7,
887 2775 943 2839 ‘vel
972 2769 1033 2839 ἐπί
1057 2795 1133 2839 τινα
1161 2797 1170 2840 ε

69 2885 126 2951 Ρε.
150 2891 178 2969 4,
194 2891 228 2970 6,
249 2908 310 2974 per
330 2883 490 2953 πέποιθα
510 2883 569 2952 ἐπί
589 2910 653 2962 τινι
674 2889 744 2956 Jes.
767 2893 795 2972 7,
812 2899 841 2955 4.
886 2889 970 2958 Cum
991 2874 1035 2981 Sp
1055 2912 1170 2979 praep.

69 3002 216 3070 redditur
236 3003 394 3070 πέποιθα
414 3000 474 3070 ἐπί
494 3026 556 3069 ιινι
578 3029 585 3071 :
608 3005 677 3073 Jes.
700 3011 749 3089 31,
770 3012 803 3085 1,
825 3012 875 3092 36,
891 3011 920 3074 5.
936 3013 966 3074 6.
979 3013 1016 3092 9,
1038 3007 1171 3095 IIReg.
1251 3000 1254 3017 ’

72 3126 121 3204 18,
137 3127 185 3186 20.
202 3127 259 3205 21,
276 3131 314 3188 ἐλ
335 3143 395 3210 per
416 3110 567 3204 ἐλπίζειν
586 3119 644 3190 ἐπί
663 3145 736 3188 τινα
758 3147 765 3188 :
786 3125 823 3191 11
842 3124 927 3212 Reg.
952 3129 1001 3209 18,
1021 3131 1085 3192 24.·’

153 3237 300 3305 Verbum
326 3248 401 3333 ripn
432 3265 505 3307 eum
531 3253 552 3336 ξ
576 3263 688 3329 praep.
716 3241 910 3331 plerumque
942 3240 1089 3309 redditur
1110 3260 1171 3331 per

68 3350 221 3434 ἐλπίζειν
241 3353 300 3422 ἐπί
319 3378 392 3423 τινα
412 3383 419 3423 :
441 3357 495 3424 Ps.
519 3361 621 3442 5,12;
654 3358 754 3440 17,7,
788 3364 886 3443 18,3,
918 3361 966 3443 25,
982 3364 1038 3443 20,
1060 3355 1171 3444 37,40

69 3481 147 3550 ete.;
184 3470 348 3540 interdum
376 3495 436 3562 per
467 3470 617 3556 ἐλπίζειν
651 3470 710 3540 ἐπί
744 3496 810 3542 τινι
830 3501 838 3541 :
862 3475 918 3541 Ps.
945 3477 974 3559 7,
996 3481 1032 3555 2,
1060 3482 1112 3562 31,
1134 3482 1170 3554 2,

71 3611 168 3675 saepe
190 3591 287 3656 etiam
309 3615 369 3680 per
397 3590 600 3661 πεποιθέναι
621 3591 680 3660 ἐπί
699 3616 763 3660 τινι
785 3619 793 3661 :
814 3595 869 3660 Ps.
892 3599 993 3679 2,12,
1019 3595 1056 3661 Π
1078 3592 1168 3662 Sem.

64 3707 120 3790 22,
135 3714 162 3771 3,
182 3710 252 3794 (ubi
273 3712 388 3797 perall.
410 3710 465 3777 Ps.
490 3717 572 3798 18,3
600 3712 698 3778 habet
728 3708 879 3792 ἐλπίζειν
900 3708 960 3778 ἐπί
979 3710 1082 3798 τινα),
1115 3711 1169 3777 vel
1250 3760 1254 3772 ,

67 3819 133 3889 ςινί
153 3849 160 3890 :
182 3825 279 3891 Prov.
306 3832 352 3911 14,
375 3834 425 3893 32.

152 3938 274 4008 Contra
294 3952 366 4036 ¹7?ss
387 3952 459 4009 cum
478 3930 496 4023 5
514 3965 624 4033 praep.
654 3961 814 4033 nusquam
842 3945 1073 4048 redditur'per
1098 3960 1168 4009 ver·

66 4054 145 4122 bum
167 4058 445 4142 confidendi,'sed
467 4060 588 4151 ubique
610 4083 669 4148 per
688 4060 790 4127 rerba
811 4056 1004 4149 expectandi
1027 4070 1057 4126 ε.
1076 4083 1169 4157 pree·

68 4172 217 4259 stolandi,
239 4184 276 4241 ut
294 4173 404 4254 μένειν
424 4166 497 4243 und
513 4202 521 4244 :
535 4178 604 4245 Jes.
618 4183 646 4260 8,
660 4182 714 4262 17,
736 4171 912 4258 ἐπομένειν
932 4156 1166 4262 sancides&

68 4295 105 4377 3,
138 4289 239 4379 Zeph.
266 4295 350 4381 3,‘8;
387 4295 472 4363 Hsb.
503 4301 533 4384 2,
556 4302 591 4379 3,
629 4296 684 4366 Ρε.
713 4300 859 4380 106,13;
885 4291 1034 4378 ἐμμένειν
1059 4293 1166 4365 τινί»,
